3804 6220
412 239 518 301 6ῦῦ

1583 254 1930 312 'l‘llEODOlll
1969 255 2316 316 κυρευπετ
2335 251 2448 312 ΕΜ

3529 265 3636 324 664

411 370 508 431 sit,
535 364 807 424 carbones
844 367 1051 422 multos
1095 365 1220 422 ﬁeri
1251 368 1522 438 contigit:
1579 371 1840 426 omnibus
1895 374 1979 425 his

2094 371 2362 444 Ξνθρακας
2379 373 2472 428 ἐπὶ
2498 373 2634 429 πολὺ
2663 371 2918 442 γενέσθαι
2950 375 3264 446 συμϐαίνεν
3287 373 3354 428 δι’
3369 374 3504 428 ὅλων
3524 377 3642 447 βοο-

411 459 597 518 dicere
628 459 839 525 volens,
869 459 1032 514 simul
1057 468 1280 516 orantes
1304 461 1679 527 exaudivisse,
1718 477 1971 517 commo-

408 552 526 604 tum
553 549 726 605 fuisse
764 558 955 603 contra
985 549 1260 613 inimicos,
1309 553 1609 622 statimque
1637 555 1820 608 omnia
1854 569 1977 624 per-

408 643 644 696 turbari.
720 639 803 695 Ira
878 651 1063 696 autem
1140 642 1262 712 ejus
1322 657 1391 698 ex
1463 654 1619 714 parte
1687 641 1977 700 effectibus

409 733 740 803 quihusdam
766 731 1038 804 patefacta
1067 744 1186 798 est,
1227 749 1376 788 nunc
1403 749 1533 788 vero
1567 734 1756 790 hostes
1786 736 1976 792 ulcisci

408 823 574 892 cmpit
602 835 615 876 :
653 831 886 892 augetur
918 824 998 878 ira
1051 838 1115 878 ac
1153 824 1532 880 vehementius
1563 825 1692 878 illos
1723 827 1975 897 castigat.

407 911 615 970 Deinde
643 929 1025 986 perseverans,
1056 916 1180 972 illos
1212 918 1439 972 omnino
1466 917 1642 973 delet:
1675 926 1805 972 tunc
1828 918 1976 974 enim

406 1001 679 1058 carbones
708 1003 1065 1058 consumendi
1117 1019 1235 1059 mos
1276 1013 1382 1072 est,
1441 1021 1565 1061 cum
1607 1005 1777 1077 ignis,
1821 1006 1980 1062 valde

409 1099 626 1154 auctus,
661 1091 808 1162 ligna
842 1091 1090 1162 subjecta
1126 1093 1391 1149 incendit.

476 1306 646 1366 Vsus.
676 1309 764 1365 10.
784 1339 856 1351 -
876 1307 984 1366 Sed
1001 1325 1126 1366 cum
1143 1325 1210 1366 ex
1237 1311 1414 1368 sacris
1435 1313 1635 1380 verbis,
1664 1331 1784 1385 quae
1802 1314 1980 1388 prole.

407 1402 578 1457 renda
615 1410 770 1468 sunt,
814 1402 933 1458 fore
967 1411 1028 1458 ut
1064 1404 1368 1473 quidquam
1410 1406 1675 1462 indecens
1727 1417 1825 1461 aut
1875 1407 1980 1462 hu-

408 1495 538 1550 mile
560 1494 813 1550 videatur
835 1495 1152 1564 praevideat,
1182 1495 1383 1551 iterum
1417 1512 1720 1553 sermonem
1745 1500 1977 1562 extollit,

407 1589 602 1643 dicens
627 1607 642 1642 :
675 1587 957 1642 Descendit
978 1587 1046 1643 de
1069 1589 1220 1654 caelo,
1245 1599 1298 1644 et
1326 1589 1550 1644 habebat
1573 1591 1853 1660 caliginem
1885 1593 1979 1646 sub

407 1680 627 1748 pedibus
656 1681 798 1749 ejus.
828 1679 1002 1735 Porro
1025 1695 1151 1735 cum
1191 1681 1354 1737 nobis
1384 1681 1648 1736 humilior
1679 1684 1794 1737 visa
1847 1682 1982 1738 luis-

408 1782 495 1828 set
557 1773 672 1828 haec
719 1775 1008 1843 praesentia
1036 1815 1054 1840 ,
1112 1771 1326 1827 addidit
1382 1780 1480 1842 (v.
1541 1771 1652 1842 ll)
1692 1792 1705 1829 :
1743 1774 1991 1828 Ascendit

408 1879 566 1932 super
609 1864 904 1928 cherubim,
944 1865 1250 1922 ostendens
1287 1865 1443 1919 illum
1493 1875 1754 1935 tanquam
1809 1883 1991 1938 regem

408 1959 578 2026 super
605 1971 773 2010 curru
803 1957 1111 2021 sedentem,
1139 1972 1380 2028 cumque
1405 1957 1693 2027 majestate
1719 1973 1981 2030 apparen-

410 2059 540 2102 tem.
573 2047 803 2110 Deinde,
845 2055 1107 2102 eontevtu
1145 2060 1446 2118 resumpto,
1487 2065 1684 2106 rursus
1729 2051 1860 2105 illud
1907 2050 1993 2106 di-

407 2140 489 2194 xit
519 2156 534 2192 :
563 2138 632 2192 Et
663 2141 840 2208 pbsuit
873 2140 1112 2194 tenebras
1143 2141 1425 2196 latibulum
1463 2158 1619 2197 suum
1649 2153 1726 2212 (v.
1756 2143 1824 2196 12
1844 2143 1884 2212 ),
1921 2151 1990 2208 et,

406 2230 556 2302 quod
587 2246 936 2302 consequens
977 2243 1085 2298 est,
1131 2235 1304 2304 caligo
1346 2235 1442 2289 sub
1487 2235 1704 2304 pedibus
1753 2237 1891 2308 eius.
1926 2235 1998 2290 At

407 2340 532 2378 cum
570 2325 724 2394 plura
752 2325 821 2378 de
849 2324 1078 2380 tenebris
1097 2325 1322 2389 dixerit,
1357 2327 1570 2381 scilicet
1598 2343 1719 2397 qua:
1741 2335 1869 2383 sunt
1896 2328 1998 2380 sub

405 2416 626 2485 pedibus
654 2418 774 2486 ejus
807 2417 1044 2487 illosque
1086 2417 1454 2482 abscondunt,
1505 2418 1799 2488 quodpiam
1838 2419 1995 2474 inde-

411 2524 546 2564 cens
573 2523 640 2562 ex
690 2507 916 2577 eloquio
959 2521 1123 2563 sacro
1178 2509 1473 2578 provenire
1522 2509 1827 2573 videbatur,
1869 2525 1993 2564 eum

411 2601 681 2655 asseritur
725 2599 1023 2654 circuitum
1084 2599 1442 2655 tenebrosum
1486 2599 1610 2670 ejus
1648 2616 1771 2658 esse
1820 2602 1997 2672 ipsius

409 2690 829 2746 tabernaculum
863 2706 878 2754 ;
912 2689 1008 2745 sed
1061 2690 1263 2758 primo,
1304 2680 1562 2754 tenebrae,
1631 2692 1832 2763 inquit,
1864 2692 1994 2747 dum

408 2781 528 2849 ipse
558 2779 690 2832 latet
710 2816 729 2842 ,
763 2779 1030 2832 adversus
1055 2778 1308 2833 inimicos
1340 2779 1728 2849 projiciuntur,
1773 2779 2000 2851 ipseque

408 2869 631 2923 interim
673 2882 702 2920 a
737 2867 955 2922 neruine
977 2868 1215 2924 videtur.
1240 2867 1394 2923 Alias
1426 2869 1531 2923 hoc
1578 2870 1998 2926 tabernaculum

415 2959 540 3029 ejus
570 2959 723 3013 circa
753 2974 876 3015 eum
909 2967 1060 3023 erat,
1083 2960 1160 3013 ita
1192 2967 1251 3013 ut
1281 2960 1496 3014 dicatur
1532 2960 1648 3026 lux,
1693 2961 1838 3016 sicut
1868 2961 1998 3017 hea-

2085 462 2270 534 ληθεὶς
2315 467 2508 530 εἰπεῖν,
2547 466 2630 519 ὃτι
2675 465 2793 536 ἃμα
2829 482 2888 519 τε
2937 467 3167 536 ἤκουσεν
3197 466 3514 538 εὐξαμένου,
3553 469 3646 524 ml

2085 555 2312 627 ἐκινήθη
2367 556 2509 610 κατὰ
2557 557 2666 610 τῶν
2707 557 2936 628 ἐχθρῶν·
2967 554 3062 612 καὶ
3094 558 3256 621 εὐθὺς
3293 557 3395 628 μὲν
3436 558 3646 614 ἅπαντα

2082 647 2404 704 ἐσαλεύετο·
2436 649 2762 717 ὑπεφαίνετο
2784 647 2842 701 δὲ
2867 647 3031 702 αὐτοῦ
3060 649 3201 703 κατὰ
3231 650 3394 722 μέρος
3436 653 3529 704 καὶ
3564 652 3650 704 διὰ

2083 741 2423 809 πραγμάτων
2465 741 2499 811 ὴ
2545 741 2704 812 ὀργὴ,
2733 740 2830 795 νῦν
2852 741 2949 812 μὲν
2971 742 3278 814 ἀρχομένου
3295 743 3650 814 τιμωρεῖσθαι

2083 831 2210 892 τοὺς
2236 831 2544 900 πολεμίους,
2587 831 2866 902 προϊόντος
2889 831 2947 885 δὲ
2970 834 3065 886 καὶ
3086 833 3436 903 σφοδρότερον
3458 834 3653 896 αὐτοὺς

2087 920 2405 984 κολάζοντος
2422 938 2434 950 ⁸
2463 919 2579 975 εἶτα
2591 922 2692 992 τῆς
2712 923 3032 994 παραμονῆς
3052 924 3145 976 καὶ
3167 923 3440 986 παντελῶς
3457 924 3653 987 αὐτοὺς

2087 1012 2474 1080 ἀφανίζοντας’
2523 1013 2644 1067 τότε
2669 1014 2778 1086 γὰρ
2810 1015 2928 1077 ἔθος
2957 1015 3104 1068 ἐστὶν
3129 1014 3505 1068 ἀποτελεῖσθαι
3530 1017 3653 1076 τοὺς

2085 1103 2384 1175 ἄνθρακας,
2417 1104 2634 1158 ἐπειδὰν
2667 1106 2728 1158 τὸ
2775 1105 2887 1175 πῦρ
2917 1106 3009 1158 ἐπὶ
3044 1105 3225 1160 πλεῖον
3252 1106 3533 1174 γινόμενον
3561 1107 3656 1169 τὰς

2086 1195 2452 1264 ὑποκειμένας
2501 1194 2631 1260 ὕλας
2673 1196 2984 1270 καταφλέξῃ
3031 1197 3139 1251 τῶν
3185 1196 3375 1262 ξύλων.

2155 1328 2303 1402 Στίχ.
2336 1337 2385 1385 ι’.
2409 1362 2478 1372 -
2507 1330 2645 1384 Ἀλλ’
2671 1331 2800 1384 ὅταν
2835 1329 2943 1384 ἀπὺ
2984 1331 3078 1383 τοῦ
3119 1329 3498 1401 σχηματισμοῦ
3549 1329 3660 1400 εῐδῃ

2084 1422 2205 1476 τινὰ
2245 1421 2550 1494 ἀπρέπειαν
2593 1421 3142 1494 ὖττερφαινομένην,ἢ
3186 1421 3549 1492 ταπεινότητα
3595 1424 3657 1490 τῇ

2087 1513 2408 1583 παρενθέσει
2432 1513 2538 1565 τῶν
2567 1515 2625 1566 ὲν
2652 1513 2820 1584 μέσῳ.
2852 1513 3011 1567 πάλιν
3045 1511 3196 1588 αὔξει
3229 1514 3322 1566 τὸν
3348 1513 3525 1589 λόγον,
3553 1506 3659 1563 οόν

2089 1599 2260 1665 εἶπεν,
2278 1604 2359 1656 ὅτι
2372 1603 2600 1668 Κατέόη
2617 1603 2684 1658 ἐκ
2704 1600 2823 1657 τῶν
2841 1601 3128 1673 eiuras-(Iw,
3145 1604 3244 1658 καὶ
3263 1599 3424 1672 εἶχεν
3441 1604 3663 1671 γνόφων

2015 1714 2061 1770 Β
2087 1694 2206 1749 ὑπὸ
2223 1693 2364 1762 τοὺς
2383 1695 2572 1762 πόδας
2591 1696 2794 1751 αὐτοῦ.
2815 1695 3031 1768 Ἐπειδὴ
3046 1697 3222 1750 τοίνυν
3240 1696 3463 1765 ταπεινὴ
3483 1712 3567 1756 τις
3583 1695 3661 1745 ἐν-

2091 1785 2280 1839 τεῦθεν
2303 1786 2633 1856 ὑπεφαίνετο
2656 1789 2688 1856 ἡ
2711 1786 3001 1858 παρουσία,
3024 1787 3330 1858 παρέθηκεν
3356 1783 3434 1848 τὸ,
3453 1785 3661 1852 Ἑπέὄη

2092 1877 2190 1931 ἐπὶ
2215 1880 2516 1948 χερουὸὶμ,
2543 1878 2751 1942 δεικνὺς
2783 1877 2942 1932 αὑτὸν
2964 1877 3036 1940 ὼς
3064 1878 3282 1946 βασιλέα
3313 1876 3399 1945 ὑφ’
3417 1875 3663 1948 ἅρματος

2094 1969 2404 2040 ὀχούμενον,
2433 1971 2526 2022 καὶ
2574 1968 2717 2022 οὕτω
2764 1968 3194 2039 παραγινόμενον
3215 1987 3227 1999 ·
3259 1963 3374 2020 εἶτα
3405 1967 3505 2036 τῆς
3539 1968 3664 2020 doco-

2093 2058 2310 2126 λουθίας
2337 2062 2633 2133 λαϐόμενος
2650 2061 2808 2114 πάλιν
2835 2055 2988 2114 εἶπεν
3015 2061 3094 2123 τὸ,
3123 2059 3228 2114 Kal
3251 2057 3416 2114 ἔθετο
3438 2060 3660 2124 σκότος

2093 2151 2455 2222 ἀποκρυφὴν
2501 2153 2709 2216 αὑτοῦ,
2746 2151 3036 2206 ἀκόλουθον
3079 2150 3138 2204 ὃν
3181 2151 3279 2221 τῷ,
3307 2150 3418 2204 Kal
3442 2149 3664 2219 γνόφος

2093 2243 2212 2297 ὑπὸ
2244 2242 2387 2308 τοὺς
2418 2241 2609 2306 πόδας
2626 2241 2812 2295 αὐτοῦ
2831 2257 2844 2270 ·
2879 2240 2992 2294 ἀλλ’
3012 2240 3198 2310 ἐπειδὴ
3229 2239 3392 2293 πολὺν
3419 2239 3549 2309 περὶ
3571 2236 3662 2290 τοῦ

2096 2337 2318 2397 σκότους
2352 2335 2642 2404 ἐποιήσατο
2672 2331 2763 2387 τὸν
2795 2333 2972 2403 λόγον,
3005 2333 3080 2396 ὼς
3104 2333 3254 2394 ὄντος
3284 2330 3391 2383 ὑπὸ
3420 2331 3548 2391 τοὺς
3575 2326 3663 2380 πό-

2096 2424 2194 2489 δας
2221 2422 2406 2488 αὐτοῦ,
2448 2425 2538 2478 καὶ
2570 2423 3012 2496 ἀποκρύπτοντος
3041 2423 3256 2486 αὐτοὺς.
3291 2421 3464 2475 ἐδόκει
3501 2420 3558 2474 δέ
3585 2437 3663 2482 τις

2097 2517 2370 2587 ἀπρέπεια
2400 2515 2703 2585 ἐγγίνεσθαι
2737 2515 2813 2587 τῷ
2839 2514 3221 2586 σχηματισμῷ·
3241 2513 3664 2583 ἀσφαλιζόμενος

2094 2609 2157 2662 τὺ
2188 2609 2489 2662 ὕποπίπτον
2517 2609 2700 2677 κύκλῳ
2728 2607 2912 2672 αὑτοῦ,
2938 2607 3120 2678 φησιν’
3137 2608 3206 2660 Ἡ
3233 2604 3432 2672 σκηνὴ
3459 2603 3661 2660 αὑτοῦ.

2109 2700 2269 2754 ’Λλλά
2296 2701 2356 2754 τὸ
2389 2700 2488 2770 μὲν
2535 2699 2742 2764 σκότος,
2770 2701 2952 2768 φησὶν,
2987 2699 3127 2752 κατὰ
3167 2697 3266 2750 τῶν
3294 2697 3504 2768 ἐχθρῶν
3538 2710 3666 2766 προ-

2096 2790 2346 2861 ϐέϐλητο,
2381 2790 2731 2862 ἀποκρύπτον
2777 2789 2958 2851 αὑτὸν,
3009 2789 3103 2842 καὶ
3139 2787 3261 2841 οὐδὲ
3290 2787 3522 2859 ὁρᾶσθαι
3559 2788 3666 2848 τοῖς

2097 2879 2356 2942 ὲναντὶοις
2389 2878 2573 2931 ποιοῦν
2597 2895 2611 2910 ο
2658 2877 2786 2950 περὶ
2827 2876 2988 2931 αὑτὸν
3015 2877 3072 2930 δὲ
3108 2879 3142 2948 ἡ
3178 2877 3347 2947 σκηνὴ
3381 2875 3548 2929 αὑτοῦ
3577 2869 3663 2944 ἦν’

2100 2968 2166 3022 iv’
2193 2969 2342 3042 εἴπῃ,
2382 2970 2444 3021 τὸ
2490 2968 2629 3037 φῶς,
2678 2971 2753 3033 ὡς
2787 2969 2881 3022 καὶ
2920 2971 2948 3022 ό
2983 2968 3248 3039 μακάριος
3285 2965 3498 3030 Παῦλος
3542 2965 3666 3035 περὶ

410 3059 504 3102 tus
551 3047 756 3102 Paulus
798 3049 870 3103 de
918 3050 1037 3118 ipso
1073 3047 1210 3102 dicit
1246 3047 1317 3120 (1
1359 3047 1496 3104 Tim.
1532 3065 1607 3114 vr,
1642 3051 1708 3105 16
1737 3064 1770 3124 ι,
1802 3049 1979 3106 Lucem

2094 3057 2260 3112 αὐτοῦ
2287 3073 2469 3129 φησιν’
2489 3057 2618 3122 Φῶς
2641 3055 2822 3111 οἰκῶν
2847 3057 3176 3126 ἀπρόσιτον
3194 3073 3208 3086 ·
3237 3057 3332 3126 τῆς
3357 3055 3471 3126 γὰρ
3503 3054 3665 3122 αὐτῆς

410 3139 658 3192 habitans
688 3135 1124 3192 inaecessibilem.
1159 3135 1216 3191 In
1253 3138 1504 3192 eumdem
1549 3147 1731 3195 autem
1767 3156 1987 3196 sensum

413 3233 529 3285 lucc
555 3232 668 3285 duo
720 3229 1012 3296 recidunt;
1065 3228 1528 3299 quemadmodum
1577 3231 1725 3285 enim
1785 3230 1992 3286 dicitur

408 3322 588 3378 lucem
620 3323 893 3386 habitare,
931 3323 1004 3376 ita
1038 3321 1457 3376 tabernaculum
1511 3319 1604 3374 Dei
1657 3324 1879 3392 proprie
1907 3322 1994 3376 di-

415 3417 564 3471 citur
593 3415 725 3479 lux;
759 3412 1038 3467 tenebrosa
1075 3422 1214 3482 aqua
1239 3412 1298 3464 iu
1341 3410 1570 3466 nubibus
1605 3414 1765 3476 aeris,
1805 3413 1860 3466 iu
1890 3415 1996 3466 cir-

413 3509 562 3560 cuitu
584 3506 700 3576 ejus
731 3504 1139 3559 tabernaculum
1160 3504 1298 3573 ejus,
1322 3519 1663 3574 rursumque
1695 3504 1843 3575 quod
1867 3519 1996 3575 pra!-

412 3598 663 3655 cedcntia
703 3597 978 3668 sequitur,
1038 3596 1111 3650 Et
1142 3598 1370 3666 afuerunt
1427 3598 1657 3653 tenebras
1714 3599 1994 3654 latibulum

411 3692 550 3760 ejus.
597 3689 858 3745 Addidit:
908 3688 1207 3744 Tenebrosa
1248 3706 1388 3759 aqua
1441 3692 1497 3745 in
1541 3691 1766 3746 nubibus
1819 3693 1979 3746 aeris.

413 3783 845 3853 Consequuntur
875 3796 1008 3850 ergo
1041 3782 1223 3860 caligo
1243 3788 1298 3836 et
1324 3782 1592 3849 tenebrae;
1622 3795 1748 3837 nam
1776 3784 1988 3848 omnia,

415 3875 616 3945 inquit,
646 3882 1018 3952 consentanea
1073 3881 1202 3929 sunt
1243 3890 1309 3929 ex
1349 3882 1505 3944 parte
1559 3873 1652 3931 Dei
1708 3874 1849 3930 iram
1898 3889 1992 3930 an-

2095 3148 2300 3212 ἐννοίας
2330 3148 2512 3219 ἔχεται
2542 3149 2828 3220 ἀμφότερα
2850 3164 2864 3179 ·
2900 3147 3088 3219 ὥσπερ
3109 3148 3217 3218 γὰρ
3244 3146 3359 3216 φῶς
3385 3145 3559 3200 οἰκεῖν
3583 3145 3667 3198 λέ-

2095 3253 2270 3304 γεται,
2299 3236 2444 3290 οὕτω
2476 3238 2572 3290 καὶ
2600 3239 2634 3308 ή
2665 3236 2839 3307 σκηνὴ
2861 3236 2956 3289 τοῦ
2987 3235 3123 3289 Θεοῦ
3140 3236 3350 3304 λέγοιτο
3377 3235 3444 3288 ἂν
3466 3235 3664 3306 κυρίως

2093 3331 2156 3384 τὸ
2178 3329 2314 3400 φῶς.
2347 3331 2668 3385 Σκοτεινὸν
2697 3330 2854 3398 ὕδωρ
2873 3329 2942 3383 ἐν
2973 3328 3253 3398 νεφέλαις
3284 3327 3500 3394 ἀέρων,
3533 3344 3668 3398 παρ-

2093 3422 2410 3483 ενθεντικῶς
2436 3421 2532 3492 τῷ,
2549 3423 2767 3485 Κύκλφ
2791 3421 2979 3476 αὐτοῦ
2998 3423 3035 3488 ἠ
3060 3420 3259 3487 σκηνὴ
3275 3419 3486 3473 αὐτοῦ.
3507 3419 3667 3473 Πάλιν

2093 3513 2400 3576 ἀκολούθως
2411 3516 2522 3578 τοῖς
2534 3513 2983 3584 προηγουμένοις,
3004 3512 3102 3583 τῷ,
3130 3497 3238 3567 Kal
3261 3511 3426 3565 ἔθετο
3455 3514 3666 3575 σκότος

2091 3605 2451 3674 ἀποκρυφὴν
2487 3605 2693 3670 αὐτοῦ,
2720 3606 2999 3675 ἐπήγαγεν
3024 3618 3038 3633 ⁶
3074 3605 3392 3657 Σκοτεινὸν
3424 3601 3583 3667 ὕδωρ
3605 3601 3669 3653 ἐν

2096 3697 2380 3767 νεφέλαις
2419 3695 2607 3763 ἀέρων
2627 3713 2639 3727 ·
2674 3695 2962 3749 ἀκόλουθον
2993 3694 3099 3766 γὰρ
3148 3689 3215 3764 ἦν
3246 3693 3307 3745 τὸ
3349 3693 3551 3760 γνόφος
3583 3690 3670 3743 καὶ

2099 3791 2289 3851 σκότος
2311 3806 2324 3819 ·
2351 3788 2600 3858 συνέχεεν
2621 3788 2749 3860 γὰρ,
2786 3789 2971 3857 φησὶν,
3004 3791 3218 3840 ἅπαντα
3236 3785 3526 3854 γινομένου
3552 3799 3668 3851 σχη-

2102 3882 2332 3950 ματίσας
2365 3879 2457 3933 τοῦ
2501 3880 2636 3933 Θεοῦ
2687 3879 2782 3949 τὴν
2809 3878 3014 3948 ὀργήν·
3054 3878 3088 3946 ἡ
3125 3876 3234 3946 γὰρ
3264 3874 3358 3926 τοῦ
3386 3873 3552 3942 ἀέρος
3585 3887 3668 3922 συ-

415 3964 777 4031 nuntiantis;
830 3979 924 4018 aer
973 3965 1120 4020 enim
1165 3965 1539 4022 condensatus
1597 3967 1979 4023 obscuritatem

2099 3973 2326 4043 στροφὴ.
2346 3972 2564 4033 πάντως
2590 3969 2750 4038 ζόφον
2774 3968 3066 4041 εἰργάσατο
3090 3964 3376 4036 τοιοῦτο[ν]
3412 3961 3556 4017 εἶναι
3580 3961 3668 4014 καὶ

414 4061 664 4126 generat,
693 4055 950 4132 idemque
988 4056 1171 4110 evenit
1197 4056 1264 4112 de
1305 4070 1447 4126 aqua
1484 4057 1537 4111 in
1577 4059 1820 4114 nubibus
1868 4074 1979 4115 aere

2097 4062 2158 4115 τὸ
2189 4061 2332 4130 ὕδωρ
2365 4060 2420 4112 ὲν
2446 4060 2567 4121 τεῖς
2593 4057 2841 4126 νεφέλαις
2882 4053 3254 4126 μελανθείσαις
3286 4054 3354 4122 τῇ
3379 4049 3476 4103 τοῦ
3515 4048 3668 4118 ἀέρος

415 4143 760 4200 condensam
788 4145 1155 4199 obumbratis.

2104 4153 2382 4223 συστροφῇ
2411 4150 2510 4220 (ι).

1352 4307 1426 4382 (2)
1471 4310 1721 4382 Ejusdem
1765 4315 1817 4366 in
1855 4315 2119 4381 psalmum
2159 4311 2466 4383 vigesimum
2502 4309 2752 4376 primum.

491 4438 762 4497 Foderunt
815 4459 1003 4498 manus
1057 4459 1199 4498 meas
1239 4453 1288 4498 et
1335 4445 1522 4512 pedes,
1560 4455 1610 4500 et
1646 4448 1827 4502 omizia
1875 4447 2373 4511 perscrutabautur,
2416 4454 2467 4499 et
2513 4459 2632 4514 qua
2678 4441 2932 4512 agebam,
2978 4448 3028 4493 et
3073 4454 3189 4509 qua:
3229 4435 3489 4491 conabar.
3542 4433 3667 4488 Nam

417 4530 703 4597 foderunt,
738 4548 802 4588 ex
835 4536 1197 4590 translatione
1234 4535 1376 4591 dixit
1421 4551 1650 4598 eorum,
1693 4539 1787 4608 qui
1837 4554 1932 4608 per
1978 4538 2336 4595 emissionem
2387 4535 2624 4592 scrutari
2665 4547 2788 4603 qua:
2828 4532 2886 4586 in
2934 4529 3210 4602 profundo
3253 4534 3384 4583 sunt
3430 4531 3667 4579 tentant.

415 4622 902 4681 Diuumeraueruut
947 4627 1127 4681 omnia
1167 4643 1290 4684 ossa
1339 4643 1489 4691 mea.
1540 4629 1710 4684 totius
1755 4645 1888 4684 mea:
1932 4629 2276 4686 fortitudinis
2317 4635 2375 4684 et
2417 4628 2590 4682 totius
2632 4640 2766 4680 mea:
2809 4623 3136 4679 substantia:
3173 4621 3494 4676 detentores
3544 4613 3670 4670 lacti

301 4761 313 4790 ε
419 4725 584 4783 sunt,
625 4726 684 4772 ut
723 4719 891 4773 etiam
931 4731 1161 4776 numero
1198 4733 1318 4774 mea
1363 4719 1728 4790 subiicerent.
1775 4720 1926 4776 Istud
1970 4729 2152 4776 autem
2198 4736 2265 4777 ex
2303 4717 2708 4775 consuetudine
2752 4729 2917 4786 quam
2965 4713 3165 4768 habent
3208 4711 3432 4771 hostes,
3481 4708 3665 4762 dixit:

309 4808 311 4822 ἶ
417 4810 510 4879 qui
555 4809 780 4880 quando
826 4811 1202 4874 obtinuerint,
1257 4827 1490 4867 numero
1536 4819 1593 4867 et
1635 4813 1766 4868 talis
1817 4814 2072 4869 subtilem
2129 4813 2382 4868 notitiam
2430 4812 2780 4866 inventorum
2831 4806 3058 4864 faciunt.
3112 4803 3409 4874 Pmpterea
3457 4807 3516 4856 et
3566 4813 3668 4853 se-

417 4912 651 4972 quenter
685 4903 917 4959 dicens:
958 4901 1072 4973 Ipsi
1099 4920 1224 4958 uero
1263 4904 1723 4958 consideraremus
1751 4913 1801 4959 et
1832 4915 2214 4973 conspexerunt
2250 4917 2364 4966 me,
2398 4901 2622 4956 intulit:
2661 4897 2966 4952 Diuiseruut
3006 4894 3107 4949 sibi
3151 4895 3459 4947 uestimenta
3509 4904 3666 4952 utea,

418 5005 472 5048 et
505 5012 669 5064 supra
697 4998 1064 5050 uestimentum
1096 5012 1271 5050 meum
1302 4998 1562 5050 miserunt
1593 5006 1809 5051 sortem.
1843 4995 2274 5052 Considerantes
2304 5002 2484 5048 autem
2520 5006 2627 5057 me,
2664 4991 2776 5054 ait,
2803 4999 2860 5044 et
2889 4985 3290 5058 conspicientes
3318 4981 3462 5053 quod
3487 4981 3668 5038 omnia

419 5084 502 5140 eis
533 5098 835 5142 evenerunt
877 5087 934 5140 in
979 5102 1068 5142 me
1111 5087 1414 5143 desiderata
1461 5088 1824 5158 (conspicere
1868 5091 2016 5144 enim
2063 5090 2137 5143 ita
2186 5097 2243 5142 ut
2284 5086 2426 5157 apud
2473 5100 2612 5152 nos,
2645 5082 2848 5137 dicitur
2893 5094 2991 5151 pro
3033 5073 3132 5143 eo,
3187 5074 3333 5148 quod
3376 5085 3496 5140 est,
3525 5070 3670 5126 Vidit

421 5175 478 5230 in
527 5190 653 5230 eum
699 5189 822 5245 quae
861 5177 1080 5232 volebat
1120 5180 1232 5247 pati
1279 5181 1469 5252 eum),
1512 5181 1625 5250 iam
1685 5189 1945 5250 tanquam
1993 5193 2080 5234 me
2119 5179 2344 5233 omnino
2401 5175 2561 5231 malis
2607 5172 2814 5238 dedito,
2855 5171 3000 5244 sicut
3059 5175 3115 5224 et
3159 5166 3345 5224 hostes
3393 5164 3500 5219 mei
3550 5175 3667 5232 poet

495 5458 852 5541 (l)‘Ahhinc.
885 5462 1174 5541 usquead
1223 5465 1877 5541 psalmumagirmhil
1911 5472 2002 5522 est
2099 5461 2372 5541 bat.‘M_s_t.
2549 5534 2563 5541 _
2706 5531 2726 5541 _
2956 5539 2962 5541 Α
3127 5528 3138 5540 _
3530 5525 3566 5541 η

425 5523 700 5608 Theodori
731 5523 1054 5608 Antiocheni
1083 5523 1259 5608 inho'c
1289 5534 1479 5590 codice
1502 5534 1998 5608 1682(8.)Quam-
2077 5605 2080 5608 ῃ
2169 5536 2253 5608 (2)
2283 5537 2497 5608 (litatur
2549 5534 2654 5589 hoc
2703 5531 3064 5608 fragmentum
3099 5528 3181 5608 _in
3235 5527 3469 5582 concilio
3527 5525 3662 5608 Cog-

423 5599 623 5674 nhrem‘
659 5608 792 5670 puto
839 5601 1084 5674 defuisse
1130 5604 1350 5659 Catena:
1401 5606 1610 5661 auctori
1669 5593 1994 5674 quatErnio-
2077 5593 2580 5674 'sla‘ntinopalitauo
2631 5604 2758 5658 anni
2790 5593 2940 5668 ‘335,
3007 5600 3223 5657 actione
3279 5615 3352 5660 Iv,
3403 5593 3659 5652 πωλῇ

425 5679 526 5724 nes
555 5669 763 5740 aliquot
786 5673 994 5728 codicis
1022 5671 1318 5734 Theodori.
1348 5677 1492 5732 unde
1523 5669 1778 5748 excerpta
1809 5691 1992 5733 sumen
2101 5675 2294 5739 Mansi,
2337 5669 2405 5729 XI
2428 5716 2443 5734 .
2487 5676 2612 5729 ειη.
