3804 6220
161 269 275 327 (‘33
1368 263 1742 321 EXPOSITIO

1887 264 2012 321 PSA
2023 265 2227 322 LMDS.
3329 267 3435 325 666

161 381 535 437 vastationem
578 389 635 438 et
678 380 1051 452 captivitatem
1104 377 1416 435 diviserunt
1458 385 1611 435 sorte
1654 379 1983 439 divisionem
2031 395 2225 437 eorum
2275 381 2564 437 facientes.
2615 386 2681 436 Et
2722 382 3061 455 evangelista
3109 382 3332 454 quidem
3381 383 3439 437 in

166 475 407 531 Doruino
452 476 615 531 verba
666 492 734 531 ex
779 477 946 531 rebus
994 488 1321 535 assumens.
1362 475 1445 530 eis
1489 489 1646 543 usus,
1691 480 1753 528 ut
1795 474 1886 529 hic
1927 482 1983 531 et
2026 475 2081 530 in
2130 476 2254 532 aliis
2299 476 2564 533 diximus.
2591 476 2727 532 Nam
2755 480 2900 549 quod
2931 494 3039 534 non
3068 478 3341 550 pertineat
3368 480 3437 535 ad

163 569 464 626 Dominum
508 573 774 641 psalmus,
814 573 868 626 in
904 571 1281 641 superioribus
1336 569 1622 626 evidenter
1677 570 2045 627 ostendimus.
2080 572 2148 626 At
2179 586 2309 628 vero
2373 573 2570 628 beatus
2616 573 2787 628 David
2830 589 2996 643 supra
3059 573 3281 628 modum
3334 574 3441 627 ista

161 663 349 733 magis
388 679 456 717 ex
503 663 593 719 bis
639 679 761 733 qua:
793 663 1053 719 Absalom
1103 663 1246 717 facta
1285 670 1436 728 sunt,
1471 661 1611 717 dixit
1652 680 1668 717 :
1719 662 1983 733 quoniam
2030 664 2159 719 dum
2195 667 2519 723 recessisset
2550 665 2741 731 David,
2772 665 2898 736 jure
2931 666 3062 721 belli
3094 664 3439 736 metropolite

164 752 457 826 ingressus
481 755 724 825 quidem,
752 770 943 811 omnes
969 756 1208 810 obtinuit
1233 770 1319 810 res
1344 755 1575 826 regales,
1604 770 1707 809 non
1734 756 1903 826 piguit
1934 766 2108 810 autem
2139 760 2302 813 etiam
2332 761 2502 815 oatris
2533 759 2702 813 cubile
2730 759 3025 829 inquinare.

718 933 1014 988 ΨΑΛΜΟΣ
1048 935 1170 1001 KC’.’

236 1092 388 1162 Στίχ.
423 1092 489 1163 β’.
508 1093 784 1147 -Ἥνίκα
812 1088 906 1147 οὖν
934 1092 1010 1164 (l)
1033 1091 1258 1163 πλησίον
1287 1087 1431 1146 οὗτοι
1451 1091 1758 1160 γεγόνασιν,

160 1182 241 1247 ὥς
265 1184 364 1237 καὶ
392 1184 829 1255 ἀπογευσάμενοι
866 1201 967 1255 μου
1016 1183 1126 1236 τῶν
1161 1182 1412 1252 σαρκῶν*
1459 1181 1617 1235 τοῦτο
1651 1180 1762 1251 γὰρ

163 1274 419 1345 βούλεται
448 1278 621 1329 εἰπεῖν
639 1275 841 1340 τδ,Τοῦ
857 1275 1071 1345 φαγεῖν
1093 1273 1202 1339 τὰς
1224 1274 1457 1342 σάρκας
1466 1291 1605 1343 μουο
1620 1273 1761 1327 ὥστε

161 1365 336 1431 δεῖξαι
362 1366 542 1420 αὐτῶν
565 1366 662 1438 τὴν
690 1366 946 1439 ὡμότητα
975 1368 1067 1421 καὶ
1093 1366 1193 1437 τὴν
1217 1367 1407 1436 ὀργὴν,
1426 1365 1544 1435 μεθ’
1565 1359 1632 1435 ἧς
1653 1364 1759 1434 ὥρ-

166 1473 303 1526 μουν
336 1457 423 1509 ἐπ’
454 1456 669 1519 αὐτούς’
715 1456 775 1508 τὸ
804 1456 883 1520 δὲ,
933 1453 1235 1526 Ἔγγίζειν,
1274 1456 1393 1508 ἀντὶ
1418 1454 1532 1521 τοῦ,
1568 1454 1763 1508 Ἦνίκα

162 1544 310 1600 οὕτω
331 1547 557 1616 πλησίον
573 1546 878 1615 γεγόνασιν,
909 1546 985 1611 ὡς
1008 1546 1173 1617 μηδὲν
1202 1545 1465 1599 ἐλλείπειν
1502 1545 1637 1616 πρὸς
1661 1545 1761 1615 τὴν

164 1638 520 1707 ἐκπλήρωσιν
548 1638 649 1707 τῆς
673 1638 982 1710 προθέσεως
1018 1637 1215 1692 αὐτῶν·
1263 1637 1443 1701 καλῶς
1474 1637 1530 1691 δὲ
1564 1637 1761 1701 αὐτοὺς

166 1727 508 1793 κακοῦντας
543 1727 821 1793 ἐκάλεσεν,
858 1729 934 1791 ὡς
977 1728 1067 1780 διὰ
1098 1728 1199 1797 τὴν
1230 1726 1540 1798 προσοῦσαν
1576 1727 1760 1790 αὐτοῖς

170 1819 328 1887 ἰσχὺν
359 1818 604 1882 ἅπαντας
635 1818 846 1889 μυρίοις
877 1817 1269 1889 περιϐαλόντας
1315 1820 1522 1880 κακοῖς.
1546 1848 1619 1858 --
1644 1819 1762 1871 Κα-

166 1909 278 1974 λῶς
304 1911 390 1973 τὺ,
413 1911 613 1964 Αὐτοίο
639 1912 718 1964 ὅτι
751 1911 928 1982 Ἦμᾶς
948 1911 1045 1981 μὲν
1070 1911 1337 1982 ἠδίκησαν
1359 1912 1530 1974 οὐδὲν,
1560 1911 1763 1966 ἔπαθον

169 1999 227 2053 δὲ
271 1999 450 2053 ταῦτα
494 2001 672 2063 αὐτοὶ,
710 2000 856 2072 ἅπερ
881 2002 1027 2071 ἡμᾶς
1069 2000 1331 2055 διαθεῖναι
1365 2001 1707 2073 προσεδόκων
1741 2019 1758 2036 ο

171 2090 654 2164 ἐμφαντικώτερον
678 2092 737 2146 δὲ
760 2092 842 2157 τὸ,
859 2091 1240 2159 ’Πσθένησαν
1260 2093 1358 2146 καὶ
1377 2094 1620 2160 ἔπεσον,
1641 2096 1765 2149 ἀντὶ

168 2180 288 2244 τοῦ,
316 2182 431 2251 Οὐχ
455 2181 562 2234 ὐπὸ
594 2182 867 2253 πολεμίων
896 2182 1258 2253 ἀνῃρέθησαν,
1281 2183 1401 2237 οὐδὲ
1424 2185 1529 2238 ὑπὸ
1552 2185 1764 2255 ἀνθρὼ-

1787 924 1838 983 Δ

3439 825 3459 918 ί

2372 939 2699 997 PSAIMUS
2734 938 2926 995 XXVI.

1939 1093 2103 1149 Vens.
2135 1094 2288 1148 2.-
2320 1093 2457 1148 Dum
2517 1093 2685 1165 igitur
2728 1093 2807 1148 illi
2852 1107 3022 1164 prope
3070 1090 3200 1147 facti
3265 1098 3439 1150 sunt,

1862 1186 2021 1255 quasi
2051 1200 2249 1241 carnes
2281 1199 2430 1241 meas
2457 1193 2766 1255 gustantes,
2803 1183 2908 1237 hoc
2952 1181 3097 1238 enim
3141 1181 3437 1252 signiﬁcat,

1869 1275 1937 1330 Ut
1967 1276 2127 1331 edant
2156 1293 2339 1332 carnes
2369 1292 2532 1340 meas,
2559 1284 2617 1330 ut
2644 1275 2898 1331 ostendat
2926 1289 3117 1330 eorum
3149 1273 3440 1328 crudelita-

1867 1374 1973 1421 tem
2010 1374 2175 1436 atque
2212 1367 2349 1420 iram
2379 1382 2487 1436 qua
2532 1366 2588 1419 in
2637 1365 2816 1435 ipsum
2876 1364 3178 1418 irruebant.
3232 1363 3437 1430 Appro-

1862 1457 2011 1527 piant
2045 1466 2384 1527 autem,pro,
2411 1456 2545 1510 Dum
2569 1466 2677 1510 tam
2696 1471 2862 1526 prope
2885 1455 3010 1509 facti
3044 1462 3192 1517 sunt,
3224 1463 3283 1509 ut
3304 1453 3439 1507 nihil

1862 1549 1975 1606 illis
2027 1548 2244 1603 deesset
2304 1548 2374 1604 ad
2436 1547 2771 1617 implendum
2827 1560 3018 1602 eorum
3072 1546 3435 1616 propositum.

1863 1638 2033 1695 Recte
2059 1648 2241 1695 autem
2278 1640 2403 1695 illos
2453 1640 2667 1693 vocavit
2718 1650 2982 1705 nocentes,
3032 1638 3129 1707 qui
3176 1636 3247 1692 ob
3281 1650 3438 1690 suam

1863 1732 2163 1801 potentiam
2199 1746 2389 1787 omnes
2426 1731 2573 1786 mille
2602 1731 2762 1786 tnalis
2791 1731 3129 1801 opprimunt.
3162 1758 3232 1768 —
3271 1728 3441 1784 Recte

1863 1825 1987 1894 ipsi,
2032 1825 2157 1894 quia
2191 1824 2325 1878 nihil
2356 1823 2575 1894 quidem
2595 1824 2755 1879 nobis
2780 1830 3105 1886 nocuerunt,
3135 1820 3283 1892 passi
3311 1828 3441 1876 sunt

1865 1924 2047 1972 autem
2078 1918 2267 1971 eadem
2298 1931 2419 1986 quae
2450 1926 2640 1970 contra
2692 1930 2794 1972 nos
2845 1913 3246 1984 e'tcogitabant.
3299 1912 3438 1967 Cum

1865 2007 2074 2077 majore
2104 2014 2282 2061 autem
2312 2005 2557 2076 emphasi
2597 2004 2749 2069 dicit,
2779 2002 3049 2072 lnﬁrmati
3077 2011 3198 2057 sunt
3227 2011 3276 2057 et
3304 2002 3440 2056 ceci-

1866 2100 2078 2163 derunt,
2140 2114 2262 2169 pro,
2302 2096 2413 2153 Nec
2444 2098 2512 2151 ab
2549 2097 2800 2151 hostibus
2843 2095 3003 2150 deleti
3047 2103 3198 2159 sunt,
3230 2108 3332 2149 nec
3371 2092 3443 2148 ab

1868 2192 2182 2246 hominibus
2214 2188 2511 2260 quidquam
2552 2188 2795 2242 terribile
2829 2187 2978 2256 passi
3007 2194 3172 2251 sunt,
3207 2186 3300 2241 sed
3334 2185 3440 2238 mi-
3540 2200 3543 2203 λ

170 2288 291 2327 πων
314 2273 523 2327 ἔπαθόν
555 2291 605 2327 τι
658 2274 848 2335 δεινὸν,
893 2275 1028 2329 ἀλλὰ
1068 2274 1381 2342 παραδόξως
1419 2277 1547 2331 ἀνευ
1579 2278 1762 2348 πάσης

1887 2282 2113 2337 'abiliter
2142 2284 2260 2336 sine
2310 2282 2417 2333 ulla
2479 2297 2640 2334 inanu
2695 2280 2957 2342 humana,
3010 2280 3194 2335 subito
3228 2293 3293 2333 ex
3346 2277 3441 2333 Dei

171 2364 518 2435 ἀνθρωπείας
575 2365 775 2435 χειρὸς,
824 2365 1083 2437 ἐξαίφνης
1115 2369 1193 2431 είς
1237 2367 1524 2423 ἀσθένειαν
1565 2371 1631 2439 τῇ
1670 2367 1764 2423 τοῦ

170 2454 310 2508 Θεοῦ
344 2455 757 2526 κατηνέχθησαν
786 2456 1047 2527 τιμωρίᾳ.

243 2569 393 2640 Στίχ.
416 2576 486 2638 γ’.
520 2599 590 2609 --
620 2570 741 2623 Ὀτι
778 2567 1053 2634 ἀπόδειξιν
1092 2569 1232 2641 ἔχων
1269 2571 1518 2643 αὐτάρκη
1565 2570 1634 2624 τὰ
1667 2589 1761 2641 γε·

172 2662 373 2730 τονότα
396 2661 494 2732 τῆς
517 2661 612 2714 τοῦ
635 2660 769 2714 Θεοῦ
793 2661 1068 2732 βοηθείας,
1090 2678 1232 2733 παρε
1242 2662 1447 2733 μὸολῆς
1464 2662 1593 2733 ὅλης
1616 2680 1771 2733 κινησ-

174 2755 365 2825 οείσης
390 2755 482 2808 καὶ
512 2753 772 2824 πολέμου,
799 2753 1011 2807 δέδοικα
1036 2754 1249 2821 οὐδένα,
1286 2755 1462 2828 ταύτῃ
1494 2754 1769 2817 πεποιθὼς

175 2849 243 2917 τῇ
274 2845 371 2900 τοῦ
403 2845 541 2898 Θεοῦ
575 2846 890 2917 συμμαχίᾳ·
936 2845 997 2898 τὸ
1025 2845 1154 2917 γὰρ,
1186 2846 1257 2899 ἐν
1284 2847 1494 2916 ταύτῃ,
1522 2846 1772 2903 τουτέστι

176 2941 242 3009 τῇ
269 2938 495 3008 βοηθείᾳ
525 2938 619 2991 καὶ
648 2939 714 3008 τῇ
744 2937 1034 3008 συμμαχίᾳ
1065 2936 1159 2991 τοῦ
1190 2937 1484 2991 Δεσπότου.

248 3030 399 3100 Στίχ.
426 3037 486 3085 ε’.
516 3060 585 3069 -
605 3030 816 3100 Ὠσπερ
843 3030 948 3083 τινὶ
980 3033 1154 3101 σκηνῇ
1177 3032 1243 3101 τῇ
1277 3028 1454 3099 οίκείᾳ
1486 3029 1770 3094 σκεπάσας

180 3123 425 3194 βοηθείᾳ,
464 3122 603 3193 μετά
655 3123 855 3193 πολλῆς
916 3140 985 3193 με
1012 3124 1109 3193 τῆς
1145 3122 1446 3191 ἀσφαλείας
1469 3121 1767 3191 ἐφύλαξεν

179 3217 425 3281 σκηνὴν
440 3213 569 3284 γὰρ,
593 3213 686 3267 τοῦ
702 3213 839 3267 Θεοῦ
867 3213 1025 3266 καλεῖ
1042 3212 1135 3284 τὴν
1164 3212 1439 3281 ϐοήθειαν,
1466 3212 1542 3275 ὡς
1567 3212 1772 3266 σκεπά-

182 3323 356 3360 σασαν
383 3305 547 3359 αὐτὸν
580 3305 689 3360 ἀπὸ
712 3305 821 3359 τῶν
846 3304 1050 3359 κακῶν
1081 3304 1143 3358 τὸ
1175 3305 1253 3369 δὲ,
1287 3307 1617 3373 Ἕκρυψεν,
1650 3306 1771 3359 ἀντὶ

179 3397 300 3462 τοῦ,
328 3395 647 3467 Ἐφύλαξεν,
674 3397 784 3451 ἀπὸ
819 3396 914 3451 τοῦ
938 3396 1349 3466 κατακρύπτειν
1374 3397 1462 3451 ἀεὶ
1486 3398 1612 3460 τοὺς
1652 3396 1773 3467 βου-

182 3490 443 3560 λομένους
471 3507 523 3544 τι
553 3490 863 3560 φυλάττειν’
901 3491 999 3544 Ἐν
1021 3492 1213 3561 ’ἡμέρᾳ
1231 3490 1288 3543 δὲ
1310 3490 1512 3545 κακῶν
1540 3509 1682 3559 μου,
1709 3490 1767 3543 ἐν

179 3584 260 3655 τῷ
284 3583 463 3653 καιρῷ
496 3582 597 3652 τῆς
659 3585 970 3653 συμφορᾶς,
1023 3584 1113 3638 ὅτε
1138 3581 1352 3637 πολλῶν
1385 3581 1762 3653 προσεδόκησα
1797 3623 1840 3681 C

183 3672 617 3744 πειραθήσεσθαι
641 3673 848 3731 κακῶν.

738 3825 1037 3885 ΨΔΛΜΟΣ
1078 3830 1216 3884 Kll'.

256 3965 406 4035 Στίχ.
442 3964 513 4033 γ’.
536 3994 607 4007 α·-
632 3966 768 4037 Περὶ
810 3965 1014 4038 ταύτης
1053 3966 1153 4036 τῆς
1198 3966 1440 4020 ἀϐύσσου
1468 3966 1576 4021 τῶν
1627 3969 1776 4035 λογι-

190 4058 342 4126 σμῶν
365 4057 572 4111 ὑδάτων
594 4057 759 4125 φησιν
790 4059 820 4110 ὁ
849 4058 1046 4111 Δαυῖδ·
1078 4057 1251 4126 Φωνὴ
1281 4060 1504 4127 Κυρίου
1526 4058 1626 4113 ἐπὶ
1659 4058 1778 4113 τῶν

190 4147 448 4202 ὑδάτων.

748 4305 1039 4361 ΨΔΔΜΟΣ
1087 4305 1215 4360 KB'.

266 4443 415 4514 Στίχ.
442 4442 565 4496 ι’.-ν
582 4442 730 4496 ’Λντὶ
756 4441 872 4503 τοῦ,
894 4440 1080 4494 Ταῦτα
1105 4439 1291 4508 ἔλεγον
1307 4455 1320 4469 '
1343 4438 1468 4494 Ἐὰν
1497 4439 1777 4503 ἀποθάνω,

196 4536 253 4589 τί
282 4536 349 4588 τὸ
381 4535 637 4604 ὄφελοω
667 4532 953 4589 ἀποθανὼν
991 4532 1102 4603 γὰρ
1134 4531 1520 4603 διαφθείρομαι
1548 4573 1565 4600 ,
1602 4535 1779 4605 τέφρα

195 4626 481 4696 γινόμενος
515 4628 610 4680 καὶ
645 4626 856 4689 σποδός.

268 4720 418 4790 Στίχ.
455 4718 542 4789 ιβ’.
572 4750 644 4759 -
681 4720 739 4772 '0
770 4717 974 4781 σάκκος
1005 4717 1207 4770 κακίαν
1241 4716 1335 4771 καὶ
1363 4715 1640 4783 ἀγνωσίαν
1685 4732 1781 4784 ση-

1871 2374 2112 2430 vindicta
2146 2375 2199 2428 in
2236 2374 2608 2427 inﬁrmitatem
2642 2372 2838 2442 drjecti
2872 2380 3023 2427 sunt.

1941 2573 2109 2629 Vens.
2134 2574 2188 2628 5.
2213 2604 2279 2613 -
2302 2572 2437 2628 Cum
2466 2574 2609 2626 facta
2639 2570 2824 2625 divina
2854 2571 2921 2625 de
2947 2571 3148 2624 auxilio
3172 2584 3444 2640 sperando

1870 2665 2166 2731 suiIiciant,
2224 2665 2479 2735 quamvis
2530 2664 2717 2716 oumia
2767 2671 2950 2717 castra
3001 2663 3309 2731 bellumque
3356 2675 3444 2714 me

1872 2754 2302 2818 circumdarent,
2336 2754 2472 2808 nihil
2504 2753 2734 2817 timebo,
2759 2751 2816 2806 in
2844 2753 3047 2807 auxilio
3072 2751 3165 2805 Dei
3190 2766 3440 2820 sperans,

1870 2862 2122 2916 sperans,
2162 2846 2409 2913 inquam,
2447 2846 2500 2898 in
2532 2859 2619 2910 eo,
2672 2844 2725 2897 id
2759 2852 2865 2909 est,
2908 2845 2961 2897 in
2993 2843 3268 2907 adiutorio
3290 2844 3448 2897 auxi-

1870 2938 2053 3008 lioque
2084 2936 2319 2991 Domini.

1946 3030 2111 3085 Vens.
2142 3031 2195 3085 5.
2217 3061 2285 3070 -—
2308 3027 2775 3095 Quemadmodum
2804 3029 3040 3096 quodam
3070 3029 3447 3094 tabernaculo,

1871 3121 2145 3191 adjutorio
2174 3134 2274 3175 suo
2303 3129 2613 3189 protegens,
2652 3136 2846 3186 magna
2887 3122 3181 3175 securitate
3232 3136 3317 3174 me
3351 3136 3451 3174 cu-

1871 3211 2114 3267 stodivit.
2155 3211 2577 3265 Tabernaculum
2602 3214 2747 3266 enim
2781 3218 2941 3265 vocat
2990 3210 3329 3278 adjuturium
3366 3211 3451 3264 di-

1874 3303 2086 3365 vinum,
2130 3312 2387 3372 tanquam
2418 3318 2542 3357 eum
2581 3303 2650 3356 ab
2699 3317 2891 3356 eorum
2925 3302 3086 3357 malis
3133 3310 3449 3371 protegens.

1870 3396 2159 3448 Abscondit
2202 3404 2406 3460 autem,
2442 3411 2539 3466 pro
2565 3396 2868 3457 custodiuit,
2897 3409 2963 3450 ex
2996 3393 3082 3449 his
3108 3394 3203 3464 Qui
3233 3408 3450 3463 semper

1872 3488 2217 3544 abscondunt
2277 3488 2427 3558 quod
2481 3505 2706 3545 servare
2753 3489 2964 3542 volunt.
3026 3487 3092 3541 In
3136 3487 3222 3541 die
3266 3496 3447 3541 autem

1872 3581 2159 3648 malorum,
2192 3591 2436 3651 tempore
2467 3582 2843 3647 adversitatis,
2897 3582 3121 3653 quando
3155 3598 3242 3637 me
3277 3582 3450 3636 multa

1874 3671 2018 3725 mala
2046 3680 2402 3739 experturum
2435 3670 2666 3725 credidi.

2318 3902 2329 3907 ἢ
2366 3825 2693 3882 PSALMUS
2721 3826 2961 3881 XXVIII.

1945 3969 2113 4023 Vens.
2148 3970 2202 4023 5.
2237 3998 2305 4008 ——-
2329 3966 2402 4021 De
2440 3968 2645 4035 abysso
2684 3966 3154 4021 murmurantium
3182 3982 3452 4038 aquarum

1875 4063 2011 4119 dicit
2038 4062 2228 4123 David,
2277 4062 2385 4114 νοω
2417 4059 2629 4113 Domini
2659 4074 2814 4128 super
2838 4076 3029 4129 aquas.

2383 4298 2706 4355 PSALMUS
2746 4296 2941 4353 XXIX.

1948 4440 2116 4494 Vens.
2144 4439 2228 4492 10.
2256 4468 2321 4477 --
2345 4436 2642 4507 Prupterea
2667 4436 2781 4489 haec
2805 4435 3056 4489 dicebam
3080 4454 3093 4489 :
3119 4433 3174 4488 Si
3205 4444 3458 4491 mortuus

1879 4535 2057 4597 fuero,
2089 4549 2205 4602 qum
2228 4531 2487 4583 utilitas?
2519 4526 2653 4581 Nam
2690 4538 2930 4580 mortuus
2966 4540 3293 4595 corrumpor
3314 4566 3328 4589 ,
3380 4525 3462 4579 ci-

1878 4629 1965 4683 nis
1999 4625 2289 4695 pulvisque
2325 4620 2415 4674 lio.

1948 4717 2119 4771 Vnas.
2160 4716 2247 4768 12.
2276 4741 2342 4753 -
2370 4712 2579 4765 Saccus
2602 4709 2867 4762 malitiam
2901 4716 3065 4779 atque
3091 4708 3458 4778 ignorantiam

203 4814 419 4884 μαίνει,
479 4812 667 4883 ἐπειδὴ
716 4811 813 4865 καὶ
876 4812 933 4864 αἱ
978 4812 1161 4881 τρίχες
1212 4808 1322 4861 τῶν
1382 4807 1585 4878 ἐρίφων
1640 4802 1770 4878 ἦσαν

1887 4809 2174 4881 signiﬁcat,
2211 4821 2335 4860 cum
2374 4804 2467 4869 pili
2497 4810 2688 4856 essent
2738 4801 3017 4854 hircorum
3052 4801 3145 4871 qui
3195 4808 3462 4855 steterant

197 4905 309 4959 τῶν
343 4903 648 4976 ἱσταμένων
682 4902 741 4968 ἐξ
777 4901 1072 4973 εὐωνύμων
1110 4902 1204 4955 καὶ
1252 4898 1347 4952 τοῦ
1388 4897 1770 4969 ἀποπομπαίου

199 4996 405 5025 -.υτ-υ...-

1887 4909 1992 4957 tam
2024 4915 2088 4955 cx
2124 4896 2423 4952 immolatis
2447 4908 2614 4963 quam
2642 4907 2710 4947 ex
2748 4890 3072 4946 emissariis.

198 5014 231 5050 τ
238 5013 406 5050 οαγου
413 5037 428 5050 .

344 5013 428 5050 ου.

238 4996 419 5159 Ρέἷίχ.
460 5094 546 5156 ιγ’.
581 5117 650 5127 —
689 5084 893 5151 Εἰπὼν,
930 5086 1012 5138 Οὐ
1035 5082 1121 5152 μὴ
1148 5079 1482 5151 κατανυγῶ,
1513 5081 1636 5135 ἀντὶ
1660 5078 1770 5146 τοῦ,

1959 5078 2124 5134 Vens.
2157 5079 2247 5134 15.
2274 5108 2341 5119 —-
2363 5078 2431 5130 Et
2463 5090 2565 5128 non
2593 5088 2941 5143 compungar,
2966 5086 3065 5141 pro
3091 5070 3212 5126 Non
3238 5078 3467 5127 cantare

202 5178 282 5235 Οὐ
313 5183 733 5251 μεταγνὼσομαι
757 5178 850 5230 ἐπὶ
869 5178 935 5246 τῇ
976 5172 1266 5245 ψαλμῳδίᾳ
1287 5209 1304 5234 ,
1339 5172 1641 5241 ἐπήγαγεν·
1673 5172 1770 5236 Εἰς

1888 5171 2185 5234 desistam;
2235 5168 2411 5233 addit,
2448 5166 2513 5220 In
2542 5165 2796 5220 swculmn
2846 5163 3155 5234 conﬁtebor,
3204 5166 3322 5220 sine
3358 5162 3464 5217 ﬁne

201 5277 310 5328 τὸν
335 5271 521 5327 αἰῶνα
542 5267 1081 5339 ὲξομολογήσομαι,
1116 5263 1208 5319 τοῦ
1239 5263 1442 5333 ταύτην
1476 5261 1770 5315 διατελέσαι

1888 5263 1993 5319 hoc
2048 5261 2197 5332 fungi
2232 5259 2437 5330 gratias
2484 5273 2674 5329 agens,
2702 5273 2828 5314 cum
2878 5255 3140 5314 smculum
3198 5255 3467 5311 malorum

202 5383 289 5419 σοι
319 5364 611 5426 ἀπαύστως
662 5358 1036 5431 εὐχαριστῶνο
1084 5356 1258 5412 αἰῶνα
1300 5354 1501 5422 καλῶν,
1543 5351 1635 5407 τὸν
1685 5351 1770 5421 τῆς

1892 5355 1962 5411 sit
1990 5354 2153 5425 hujus
2180 5354 2304 5409 vita:
2327 5360 2563 5422 tempus.

202 5457 413 5511 οἰκείαν·
442 5453 587 5517 hui;
626 5453 838 5522 χρόνον.

278 5682 354 5753 (1)
391 5677 491 5732 Mai
526 5674 661 5734 ibid.
691 5691 744 5745 p.
774 5674 899 5729 594.
