3804 6220
396 238 500 291 067

928 380 1253 439 PSALMUS
1281 384 1448 438 XXX.

469 486 633 544 Vens.
666 493 717 546 5.
748 522 816 532 —
839 494 973 549 Cum
1003 497 1275 555 clamores
1307 503 1483 556 nostri
1524 502 1591 556 ad
1635 511 1784 558 luam
1814 505 1978 561 celsi-

397 578 640 634 tudinem
674 584 1029 649 extollantur,
1078 589 1278 643 inclina
1328 591 1398 644 ad
1439 608 1519 646 me
1550 609 1734 648 aurem
1789 604 1975 664 tuam,

397 673 525 741 quia
557 671 609 725 in
634 674 888 744 abyssum
911 678 1188 746 prolabor,
1221 683 1686 751 quemadmodum
1715 687 1770 740 in
1797 689 1973 759 quod-

396 763 520 816 dam
553 764 781 820 evideus
817 769 1144 836 periculum.

468 870 634 928 Vens.
671 875 724 930 5.
746 906 816 914 —
851 875 1105 947 Laqueus
1131 883 1347 937 vocavit
1377 885 1752 954 captivitatem
1779 890 1833 945 in
1866 906 1973 961 qua

1598 247 1942 305 THEODORI
1974 249 2464 308 MOPSUESTENI

2008 385 2055 436 Α
2658 389 2951 444 ΨΑΛΜΟΣ
2993 385 3075 442 A'.

3575 249 3661 304 368

2152 505 2298 575 Στίχ.
2327 511 2393 573 γ’.
2424 535 2493 543 -
2536 505 2688 557 Ἐπεὶ
2723 503 2796 575 μὴ
2847 502 3037 572 φθάνει
3089 503 3120 570 ἠ
3154 501 3396 571 ἡμετέρα
3449 502 3661 571 κραυγὴ

2079 598 2214 668 πρὸς
2248 597 2307 650 τὸ
2330 598 2420 650 σὺν
2443 596 2594 666 ὑψος,
2623 596 2848 650 [miror
2870 594 2936 648 τὸ
2959 589 3069 660 οὖς
3095 607 3212 647 σου
3242 592 3389 662 πρὸς
3423 592 3548 662 ἐμὲ,
3575 592 3660 646 διὰ

2080 687 2534 743 συγκαταϐαίνειν
2567 705 2656 758 με.

2146 881 2295 953 Στίχ.
2332 889 2392 936 ε’.
2418 915 2483 924 —-
2509 883 2750 950 Παγίδας
2779 881 3004 936 ἐκάλεσε
3037 882 3136 953 τὴν
3162 881 3544 953 αἰχμαλωσίαν
3576 882 3657 952 ἐφ’

391 963 495 1019 fuit
526 973 792 1022 retentus.
839 969 1004 1036 Quem
1066 973 1458 1031 absconderant
1501 979 1666 1044 mihi;
1721 983 1956 1038 eamdeu

2147 975 2492 1046 συνείληπτο,
2529 976 2718 1046 ὥσπερ
2745 975 2826 1037 εἷς
2847 992 2968 1027 τινα
3002 974 3240 1027 κίνδυνον
3266 976 3540 1046 προφανῆ.
3567 978 3638 1029 Τὺ

389 1055 619 1124 ﬁguram
671 1060 1039 1129 persequitur,
1093 1078 1218 1117 cum
1274 1067 1531 1136 laqueum
1593 1072 1968 1140 captivitatem

394 1145 770 1214 appellaverit.
829 1149 1120 1221 Proptium
1158 1165 1340 1211 autem
1383 1159 1563 1229 laquei
1605 1171 1687 1216 cst
1725 1165 1853 1232 poni
1888 1167 1968 1219 la-

2072 1063 2189 1132 ἿίΙς
2244 1069 2521 1136 ἐκρυψὰν
2559 1086 2694 1138 μοι,
2749 1067 3056 1131 ἀκολούθως
3106 1063 3259 1120 εἶπεν
3295 1067 3373 1137 τῷ
3404 1068 3658 1138 παραδεί-

2071 1176 2241 1228 γματι
2265 1200 2280 1223 ,
2317 1159 2505 1231 ἐπειδὴ
2559 1160 2760 1228 παγίδα
2808 1159 2905 1229 τὴν
2939 1159 3315 1229 αἰχμαλωσίαν
3354 1159 3615 1212 ἐκάλεσεν
3641 1177 3653 1188 ·

391 1245 566 1292 tenter
599 1238 652 1294 in
681 1241 1005 1299 abscondito
1030 1246 1172 1314 loco,
1207 1249 1398 1321 sicque
1420 1252 1736 1324 importune
1767 1272 1956 1328 capere

2135 1267 2201 1302 χον
2239 1251 2297 1303 δὲ
2344 1251 2445 1322 τῆς
2486 1251 2713 1320 παγίδος
2751 1251 2810 1304 τὸ
2845 1250 3212 1311 λανθανόντως
3234 1250 3476 1304 τίθεσθαι
3523 1268 3654 1320 κρυ-

388 1331 650 1398 praedam.

453 1531 624 1589 Vens.
667 1573 712 1590 ..
739 1567 809 1576 —
837 1537 1128 1611 Propterea
1169 1559 1314 1599 enim
1337 1586 1351 1609 ,
1395 1548 1551 1616 dicit,
1583 1566 1685 1606 nos
1715 1553 1862 1622 juste
1895 1555 1963 1608 li-

383 1627 610 1693 berasti,
643 1645 770 1685 cum
825 1634 949 1690 illos
979 1635 1160 1690 oderis
1193 1652 1257 1692 ac
1311 1638 1667 1708 disperseris,
1707 1645 1801 1714 qui
1849 1654 1960 1700 tam

2069 1342 2347 1412 πτομὲνην
2369 1383 2383 1407 ,
2438 1341 2580 1396 οὑτω
2610 1359 2668 1396 τε
2705 1343 3030 1413 ἀπροόπτως
3063 1341 3362 1412 λαμϐάνειν
3393 1344 3520 1404 τοὺς
3561 1340 3657 1412 θη-

2071 1435 2373 1503 ρωμένους.

2140 1546 2287 1615 Στίχ.
2314 1547 2380 1611 ζ’.
2417 1579 2484 1590 --
2510 1547 2610 1601 Διὰ
2659 1547 2817 1601 τοῦτο
2838 1547 2980 1618 γὰρ,
3007 1547 3175 1617 φησὶν
3194 1587 3208 1611 ,
3244 1546 3394 1616 ἡμᾶς
3432 1545 3653 1607 δικαίως

2065 1637 2378 1707 ἀπήλλαξας
2399 1680 2412 1706 ,
2451 1639 2637 1709 ἐπειδὴ
2664 1640 2906 1702 ἐκείνους
2933 1639 3202 1709 ἐμίσησας
3237 1638 3332 1690 καὶ
3377 1637 3654 1706 ἀπεστρά-

381 1722 642 1777 ardenter
670 1726 995 1794 pravitatem
1027 1727 1247 1784 fuerant
1277 1733 1488 1801 operati
1517 1752 1531 1799 ;
1565 1751 1670 1789 non
1700 1737 1845 1790 enim
1887 1754 1952 1792 ex

2135 1742 2175 1796 ις
2200 1769 2216 1791 ,
2267 1729 2393 1791 τοὺς
2437 1727 2574 1797 μετὰ
2608 1727 2810 1797 πολλῆς
2838 1728 3157 1800 ἐπιμελείας
3187 1729 3253 1781 τὰ
3299 1727 3479 1780 ἄτοπα
3537 1726 3653 1779 δια-

377 1823 514 1868 :estu
573 1816 666 1870 ira:
701 1817 906 1871 malum
960 1830 1282 1888 operantur,
1339 1823 1433 1879 sed
1481 1826 1626 1880 sicut
1685 1829 1960 1898 quoddam

377 1907 754 1961 necessarium
809 1909 1012 1963 malum
1049 1913 1368 1968 observant.
1437 1915 1790 1984 Supervacue,
1829 1923 1961 1990 quia

377 1997 511 2050 nihil
553 2001 846 2068 proficiunt
884 2016 951 2054 ex
981 2017 1083 2056 suo
1113 2005 1240 2057 mali
1279 2010 1547 2076 operandi
1589 2012 1797 2074 studio,
1833 2027 1958 2068 cum

376 2087 584 2156 puniri,
616 2104 680 2145 ac
704 2107 811 2146 non
839 2093 1020 2147 sinere
1044 2103 1101 2148 ut
1127 2096 1230 2164 ipsi
1267 2098 1618 2169 impellantur
1643 2102 1697 2157 in
1723 2103 1958 2176 aliquem

285 2181 291 2188 ’
374 2188 720 2251 peroptatum
756 2183 919 2241 tinem
957 2185 1196 2242 oderint.

862 2532 1188 2592 PSALMUS
1227 2535 1446 2593 XXXII.

391 2666 396 2675 '
440 2659 605 2738 Vens.
652 2662 706 2718 5.
757 2695 825 2708 —-
864 2663 1010 2722 Bene
1063 2667 1256 2739 incipit
1308 2669 1624 2738 Psalmista,
1675 2679 1954 2750 praecipue

367 2752 596 2806 attentis
636 2757 1129 2824 consequentibus.
1178 2757 1318 2816 Cum
1365 2763 1511 2817 enim
1555 2765 1802 2823 lmtitiam
1845 2771 1955 2827 illis

365 2843 770 2907 annuutiasset,
787 2846 856 2901 ad
879 2847 1110 2919 hymnos
1131 2851 1483 2923 agendasque
1502 2858 1710 2927 gratias
1733 2869 1956 2931 propter

361 2932 628 2988 beneﬁcia
645 2937 884 2994 excitare
899 2939 1151 3006 debebat,
1172 2942 1226 2996 in
1248 2952 1530 3014 posterum
1549 2959 1772 3019 propter
1793 2969 1955 3024 agen-

2068 1817 2470 1888 πραττομένους
2493 1835 2505 1849 ·
2530 1820 2592 1871 οὑ
2624 1820 2733 1890 γὰρ
2773 1819 2882 1873 ἀπὸ
2911 1819 3266 1890 συναρπαγῆς
3297 1819 3653 1890 διαπράττον-

2062 1922 2152 1958 ται
2178 1906 2238 1959 τὸ
2266 1906 2434 1960 κακὸν
2459 1947 2473 1970 ,
2503 1907 2616 1961 ἀλλ’
2644 1907 2836 1981 ὥσπερ
2882 1926 2935 1962 τι
2982 1910 3278 1977 ἀναγκαῖον
3301 1951 3318 1974 ,
3350 1908 3447 1962 τοῦ
3477 1908 3651 1962 κακιῦ

2063 1997 2391 2068 φυλάττουσι
2425 1999 2523 2071 τὴν
2557 2001 2783 2072 πρᾶξιν·
2815 2001 2877 2053 τὸ
2903 2000 2981 2067 δὲ,
3018 2002 3120 2054 Διὰ
3156 1998 3359 2068 κενῆς.
3389 2001 3474 2054 ὅτι
3501 2001 3652 2053 οὐδὲν

2061 2090 2398 2160 ὠφελοῦνται
2427 2093 2492 2145 ἐκ
2522 2092 2621 2162 τῆς
2653 2093 2782 2163 περὶ
2829 2092 2891 2146 τὸ
2942 2092 3111 2146 κακὸν
3166 2091 3425 2162 πράττειν
3457 2095 3650 2162 ἐπιμε-

2061 2185 2210 2247 λείας
2233 2226 2248 2251 ,
2299 2184 2388 2236 διὰ
2420 2185 2482 2237 τὸ
2533 2186 2709 2253 μισεῖν
2752 2185 2948 2247 αὑτοὺς
2985 2184 3078 2237 καὶ
3113 2182 3514 2254 τιμωρεῖσθαι,
3560 2183 3650 2236 καὶ

2065 2279 2138 2349 μὴ
2174 2278 2270 2348 έᾷν
2317 2277 2396 2340 εἴς
2445 2294 2498 2330 τι
2551 2277 2724 2347 πέρας
2778 2276 2932 2345 ἄγειν
2990 2276 3187 2339 αὐτοὺς
3247 2275 3308 2328 τὸ
3356 2273 3650 2339 σπουδαζό-

2065 2385 2224 2438 μενον
2254 2367 2354 2440 (1).

2617 2543 2912 2600 ΨΑΛΜΟΣ
2954 2543 3075 2597 AB'.

2127 2681 2277 2752 Στίχ.
2313 2679 2383 2750 γ’.
2426 2711 2494 2722 -
2531 2680 2686 2752 Καλὴ
2712 2680 2788 2753 (Ξ)
2825 2681 2858 2751 ἡ
2894 2676 3160 2747 ἐπαγωγὴ
3197 2674 3293 2730 τοῦ
3329 2672 3523 2748 ῥητοῦ,
3554 2675 3644 2729 καὶ

2059 2774 2295 2846 μάλιστα
2328 2773 2438 2827 τῶν
2465 2773 2594 2844 ἑξῆς
2623 2773 2828 2826 ἕνεκεν.
2849 2770 3066 2842 Ἐπειδὴ
3099 2769 3209 2841 γὰρ
3242 2768 3343 2839 τὴν
3377 2765 3644 2837 εὐφροσύο

2056 2883 2156 2937 νην
2199 2867 2384 2930 αὐτοῖς
2425 2856 2839 2936 εὐηγγελίσατο,
2880 2862 3111 2932 ἤμελλεν
3147 2862 3204 2914 δὲ
3244 2860 3337 2914 ἐπὶ
3378 2859 3480 2929 τὴν
3512 2859 3645 2929 ὑμν.

2055 2958 2222 3029 ῳδίαν
2254 2957 2350 3010 καὶ
2381 2955 2478 3026 τὴν
2499 2957 2642 3026 ὑπὲρ
2668 2955 2775 3008 τῶν
2802 2953 3100 3022 γεγονότων
3133 2949 3486 3022 εὐχαριστίαν
3509 2965 3643 3018 προ-

361 3024 418 3079 di
447 3027 716 3082 rationem
747 3033 1138 3090 tremebundos
1174 3039 1518 3094 constituere
1548 3042 1764 3105 volens,
1787 3046 1861 3099 ita
1893 3055 1952 3101 ut

362 3115 596 3146 ηΔηιιῖ-ισι
630 3117 875 3146 ,ΙιιηΑαιιέρ
900 3121 1129 3146 1.-........-
1191 3128 1320 3146 __-.!
1344 3144 1385 3146 ,_
1682 3134 1717 3146 ,ι
1932 3137 1945 3146 .

2135 3050 2312 3102 έπειψ
2352 3024 2480 3118 ἑξῆς
2534 3024 2853 3118 βουλόμενος
2889 3045 3086 3108 αὐτοὺς
3117 3043 3391 3114 ἐμφὸϐους
3430 3042 3561 3146 περὶ
3588 3040 3644 3092 τὸ

361 3115 597 3183 genuina
627 3117 878 3174 decentia
900 3121 1152 3192 hymnos,
1184 3128 1593 3200 graliarumque
1611 3134 1859 3190 actiones
1879 3137 1947 3193 ad

2137 3143 2290 3211 ἆγμα
2332 3141 2714 3210 καταστῆσαι,
2766 3137 2908 3190 ὥστε
2941 3135 3078 3206 μετὰ
3123 3137 3224 3204 τῆς
3257 3131 3644 3203 προσηκούσης

361 3203 530 3260 Deum
560 3207 868 3266 referrent:
886 3211 1316 3282 Prmnuntiaute,
1355 3219 1540 3278 Recto:
1561 3224 1706 3280 decet
1737 3228 1945 3283 collau-

351 3297 901 3364 datio,admoncntur
930 3321 1040 3361 non
1067 3323 1191 3364 esse
1220 3313 1468 3368 omnium
1496 3315 1665 3372 Deum
1689 3319 1937 3389 laudare,

357 3391 453 3444 sed
485 3393 664 3448 solum
694 3396 791 3465 qui
827 3412 953 3452 cum
986 3401 1319 3460 rectitudine
1349 3407 1588 3465 rationis
1617 3409 1723 3466 hoc
1751 3424 1943 3484 agunt,

357 3482 482 3539 illos
519 3499 620 3555 pro
654 3487 937 3544 beneﬁciis
963 3505 1201 3560 quorum
1236 3506 1366 3552 sunt
1389 3505 1564 3556 testes
1594 3482 1941 3562 laudationes

354 3575 570 3630 decere.
603 3575 742 3632 Cum
774 3579 943 3650 igitur
974 3581 1186 3638 fuerint
1222 3585 1396 3658 digni,
1439 3604 1565 3646 cum
1601 3591 1806 3662 pietate
1865 3597 1937 3654 ad

355 3664 692 3748 laudandum
720 3669 892 3725 Deum
923 3673 1213 3730 accedant.

423 3949 491 4004 In
505 3952 679 4006 titulo.
695 3951 966 4024 Tempore
986 3955 1130 4012 beati
1155 3957 1401 4016 Ezechiae
1423 3961 1706 4029 lsraelitis,
1729 3983 1824 4037 per
1837 3971 1933 4025 ad-

353 4043 661 4098 mirabilem
709 4045 1060 4117 Assyriorqu
1107 4054 1471 4120 eversionem,
1525 4071 1556 4110 a
1609 4056 1720 4113 Deo
1750 4060 1936 4117 datam

350 4134 643 4188 victoriam
693 4137 886 4194 beatus
918 4139 1086 4196 David
1135 4142 1192 4196 in
1234 4144 1338 4199 hoc
1370 4149 1580 4216 psalmo
1608 4151 1933 4220 praedicens,

353 4227 530 4296 ipsum
593 4236 852 4299 tanquam
909 4233 1154 4290 victoria:
1198 4239 1500 4304 canticum,
1557 4257 1658 4311 pro
1709 4244 1779 4301 iis
1811 4263 1934 4316 qua:

349 4317 719 4388 contigerant,
765 4336 917 4376 more
945 4338 1046 4377 suo
1080 4325 1306 4383 cecinit.
1344 4329 1520 4400 Atque
1557 4333 1685 4389 hinc
1735 4351 1800 4390 ex
1841 4351 1932 4390 ar-
1964 4323 2008 4380 Ῐ)

349 4423 609 4479 gumento
647 4422 838 4468 contra
866 4415 1144 4489 Assyrios,
1181 4421 1247 4476 ad
1284 4423 1653 4482 universalem
1688 4427 1780 4484 Dei
1814 4431 1932 4485 lau-

348 4499 650 4570 datiouem,
680 4512 736 4559 et
760 4522 940 4562 rerum
973 4510 1041 4564 ab
1082 4512 1200 4581 ipso
1227 4523 1506 4582 gestarum
1535 4531 1934 4576 commemora-

345 4591 550 4648 tionem
579 4594 907 4666 digreditur.
940 4599 1108 4658 Docet
1137 4614 1322 4659 autem
1346 4621 1561 4672 omnes,
1599 4625 1667 4665 ne
1693 4625 1932 4679 praesen-

346 4683 496 4742 tibus
527 4687 716 4753 rebus,
743 4693 961 4748 tametsi
1005 4696 1240 4765 magnis,
1277 4698 1593 4767 conﬁdant;
1631 4702 1730 4757 sed
1773 4705 1934 4760 auxi-

345 4775 476 4830 lium
513 4777 608 4834 Dei
667 4779 831 4838 rebus
883 4785 1144 4842 omnibus
1195 4789 1476 4857 potentius
1529 4806 1655 4848 esse
1702 4795 1928 4853 ducant.

348 4866 459 4922 lloc
477 4870 624 4925 enim
659 4872 712 4926 in
734 4871 971 4932 Psalmis
993 4878 1346 4947 potissimum
1368 4881 1658 4939 advertere
1689 4896 1930 4956 oportet,

345 4960 490 5029 quod
529 4962 598 5016 ab
634 4971 976 5033 argumentis
1008 4971 1076 5024 ad
1105 4972 1552 5029 coltortationom
1591 4993 1690 5046 pro
1721 4979 1928 5035 instru-

345 5049 529 5106 ctione
560 5063 747 5108 nostra
789 5069 1163 5130 convertatur,
1196 5064 1338 5120 bane
1367 5065 1758 5133 diversimode,
1789 5082 1844 5127 et
1861 5073 1927 5128 ad

345 5143 656 5198 auditorum
673 5148 960 5206 utilitatem
981 5158 1411 5226 accommodate,
1433 5160 1751 5219 instituens.
1770 5163 1926 5222 Unde

344 5249 570 5292 necesse
597 5253 697 5293 nos
726 5250 832 5306 est,
859 5245 926 5299 ad
953 5245 1291 5304 Psalmorum
1319 5253 1427 5304 vim
1452 5263 1602 5308 recte
1621 5270 1924 5327 assequen-

343 5328 491 5398 dam,
547 5331 784 5401 primttm
837 5351 1160 5409 argumenta
1219 5359 1408 5400 eorum
1469 5362 1668 5403 nosse:
1729 5349 1926 5406 deinde

417 5527 652 5618 li|)§xin
686 5548 876 5618 usque
905 5537 972 5590 ad
1009 5539 1168 5618 linem
1199 5539 1365 5618 hujus
1417 5544 1624 5600 codicis
1676 5547 1777 5602 751i
1834 5548 1920 5618 (Α)

344 5596 484 5671 nihil»
515 5596 879 5671 Ilopsuesieni
905 5596 1426 5671 νουρτίοιιειιιι.’ΜΛι.

417 5667 493 5737 (2)
524 5667 623 5724 Mai
655 5675 851 5746 p.593,
878 5687 930 5733 ct
970 5667 1070 5733 ltoc
1112 5688 1191 5734 est
1229 5681 1480 5738 ultimum
1535 5701 1597 5739 ex
1647 5686 1925 5756 fragmen-

2052 3229 2407 3299 γνησιότητος
2435 3227 2755 3297 ἀναπέμψαι
2786 3226 2886 3297 τὴν
2925 3225 3196 3297 ὑμνῳδίαν
3234 3223 3328 3277 καὶ
3357 3223 3459 3293 τὴν
3487 3223 3644 3292 εὑχαο

2053 3320 2262 3391 ριστίαν
2303 3320 2382 3390 τῷ
2425 3319 2564 3390 Θεῷ,
2610 3318 2921 3392 προλαϐὼν,
2971 3321 3085 3382 τοῖς
3133 3316 3316 3370 εὑθέσι
3351 3317 3520 3386 φησὶν
3549 3315 3644 3384 τὴν

2049 3414 2258 3466 αῖνεσιν
2319 3411 2593 3482 πρέπειν·
2661 3413 2729 3465 ἶν’
2776 3410 3107 3473 ἀκούσαντες
3168 3409 3251 3462 ὅτι
3299 3406 3376 3479 μὴ
3425 3408 3644 3462 πάντων

2048 3503 2202 3557 ἐστὶν
2237 3501 2428 3572 ὑμνεῖν
2462 3502 2555 3556 τὸν
2587 3501 2742 3567 Θεὸν,
2789 3501 2926 3555 ἀλλὰ
2979 3502 3138 3571 μόνον
3185 3499 3294 3553 τῶν
3331 3501 3452 3569 μετ’
3481 3498 3642 3551 εὑθύο

2047 3611 2209 3665 τητος
2247 3593 2522 3665 λογισμῶν
2567 3593 2725 3648 τοῦτο
2756 3593 3092 3665 ποιουμένων
3151 3586 3254 3660 (οἷς
3303 3590 3400 3644 καὶ
3430 3590 3643 3659 πρέπον

2047 3686 2193 3740 ἐστὶν
2219 3686 2280 3740 τὸ
2313 3686 2503 3756 ὑμνεῖν
2535 3685 2628 3738 ἐπὶ
2668 3687 2780 3748 τοῖς
2809 3683 3075 3755 παροῦσιν
3103 3681 3329 3750 ἀγαθοῖς
3358 3719 3374 3745 ,
3407 3680 3643 3748 ἐπείπερ

2048 3777 2142 3830 καὶ
2192 3775 2286 3830 τοῦ
2339 3777 2522 3846 τυχεῖν
2573 3775 2752 3831 αὑτῶν
2806 3775 2946 3840 ἄξιοι
3002 3775 3454 3844 καθεστήκασιν),
3505 3772 3642 3842 μετὰ

2048 3868 2249 3940 πολλῆς
2291 3867 2580 3932 εὐλαϐείας
2618 3867 2958 3939 προσέλθωσι
2992 3869 3057 3937 τῇ
3086 3865 3181 3919 τοῦ
3209 3863 3344 3918 Θεοῦ
3370 3864 3638 3934 ὑμνῳδίᾳ.

2111 3980 2222 4052 Τὴν
2251 3981 2328 4051 (5)
2363 3981 2455 4035 ἐπὶ
2486 3977 2578 4035 τοῦ
2609 3980 2882 4051 μακαρίου
2923 3979 3166 4042 Ἐζεκίου
3196 3976 3640 4049 παρασχεθεῖσαν

2036 4072 2195 4144 νίκην
2221 4076 2336 4136 τοῖς
2375 4073 2741 4143 Ἰσραηλίταις
2769 4071 2874 4125 ὑπὸ
2898 4070 2992 4124 τοῦ
3023 4069 3182 4136 Θεοῦ,
3209 4069 3295 4123 διὰ
3324 4069 3420 4139 τῆς
3457 4085 3640 4139 παρα-

2035 4162 2190 4230 δόξου
2250 4165 2360 4218 τῶν
2396 4165 2698 4236 ’Λσσυρίων
2751 4165 3121 4235 ἀναιρέσεως,
3155 4161 3521 4234 προφητεύων
3581 4162 3640 4215 ἐν

2035 4256 2212 4326 τούτῳ
2243 4256 2322 4326 τῷ
2348 4254 2550 4326 ψαλμῷ
2574 4257 2603 4309 ὁ
2634 4256 2904 4327 μακάριος
2935 4255 3119 4316 Δαϐὶδ,
3149 4254 3340 4323 ὥσπερ
3360 4254 3486 4306 τινὰ
3517 4253 3630 4304 ὲπιι

2035 4347 2206 4401 νίκιον
2239 4346 2405 4417 ὕμνον
2428 4347 2520 4399 ἐπὶ
2544 4350 2654 4411 τοῖς
2682 4344 3123 4418 γε[γε]νημὲνοις
3155 4345 3316 4398 αὐτὸν
3344 4344 3635 4414 ἀνεϐόησε,

2037 4439 2223 4512 [κατὰ]
2251 4441 2312 4494 τὸ
2355 4441 2584 4512 σύνηθες
2624 4439 2795 4509 αὑτῷ⁹
2833 4437 3122 4492 κάντεῦθεν
3143 4436 3634 4507 διαπραττόμενος,

2036 4532 2128 4586 καὶ
2155 4531 2268 4586 ἀπὸ
2297 4533 2398 4605 τῆς
2427 4533 2571 4588 κατά
2605 4533 2733 4596 τοὺς
2761 4531 3078 4602 Ἀσσυρίους
3109 4530 3416 4593 ὑποθέσεως
3431 4531 3637 4602 τρεπόο

2039 4640 2196 4694 μενος
2221 4625 2319 4695 μὲν
2349 4627 2426 4689 είς
2453 4625 2746 4696 καθολικὴν
2775 4623 3049 4694 ὑμνῳδίαν
3074 4621 3168 4676 τοῦ
3215 4623 3515 4690 Δεσπότου,
3543 4624 3635 4676 καὶ

2035 4716 2296 4789 ἐξήγησιν
2343 4717 2453 4771 τῶν
2511 4718 2598 4771 ἐπ’
2643 4717 2808 4771 αὑτοῦ
2865 4716 3194 4784 γεγονότων·
3253 4715 3532 4770 παιδεύων
3577 4717 3633 4770 δὲ

2035 4805 2244 4870 πάντας
2280 4807 2354 4878 μὴ
2389 4807 2483 4860 ἐπὶ
2527 4811 2642 4870 τοῖς
2687 4807 2924 4878 παροῦσι
2975 4806 3231 4876 μεγάλοις
3283 4806 3632 4869 πεποιθέναι,

2034 4896 2171 4952 ἀλλὰ
2187 4899 2406 4953 πάντων
2425 4898 2674 4970 ἡγεῖσθαι
2705 4896 2976 4953 δυνατωτέ
2983 4913 3084 4967 ραν
3105 4897 3199 4952 τοῦ
3220 4896 3355 4950 Θεοῦ
3377 4897 3480 4969 τὴν
3505 4898 3629 4969 βοή-

2034 4988 2206 5043 θειαν.
2243 4989 2416 5043 Τοῦτο
2460 4989 2570 5062 γὰρ
2622 4990 2858 5062 μάλιστα
2889 4992 3098 5061 ἀφορᾷν
3145 4990 3204 5041 ἐν
3233 4990 3348 5051 τοῖς
3374 4989 3628 5060 Ψαλμοῖς

2034 5081 2334 5152 προσήκει,
2360 5083 2442 5136 ὅτι
2487 5085 2552 5136 ὲκ
2596 5083 2705 5135 τῶν
2745 5083 3056 5136 ὑποθέσεων
3109 5082 3204 5134 ἐπὶ
3243 5082 3626 5152 κατηχητικὴν

2033 5173 2292 5243 τρέπεται
2349 5174 2670 5244 παραίνεσιν
2691 5214 2704 5238 ,
2733 5173 3004 5246 διαφόρως
3044 5173 3248 5244 ταύτην
3277 5173 3620 5244 ποιούμενος,

2036 5265 2130 5318 καὶ
2162 5269 2275 5329 τοῖς
2303 5267 2604 5338 ἀκροαταῖς
2645 5265 2956 5336 ὠφελίμως.
2983 5266 3144 5318 Ὥστε
3194 5266 3492 5333 ἀναγκαῖον
3524 5268 3622 5333 μὲν

2034 5356 2167 5424 ἡμῖν
2213 5355 2411 5409 εἰδέναι
2457 5355 2555 5418 τὰς
2603 5355 2889 5418 ὑποθέσεις
2948 5355 3084 5424 πρὸς
3116 5354 3323 5408 ννῶσιν
3355 5356 3453 5424 τῆς
3510 5355 3621 5408 τιῖιν

2033 5553 2104 5606 tis
2135 5552 2203 5606 ab
2230 5554 2348 5620 ipso
2369 5554 2552 5608 editis.

2105 5623 2179 5696 (5)
2212 5623 2288 5678 Ex
2322 5624 2607 5683 Corderio.
