3834 6224
1501 204 1857 262 TllEODOI‘iI
1897 204 2386 262 MOPSUESTENI

1705 316 2037 380 PSALMUS
2066 323 2250 380 XLIV.

413 422 582 482 Vens.
617 427 665 481 Ι.
696 455 765 467 -
794 424 937 494 Quid
981 424 1167 495 itaque
1200 421 1275 495 (Ι)
1314 419 1625 475 invenietur
1674 418 1861 487 majus
1889 417 1977 472 bis
2007 433 2128 487 quae
2158 434 2189 472 a
2220 419 2444 476 Christo
2476 419 2618 476 facta
2654 431 2783 478 sunt
2815 422 2868 477 in
2906 431 3054 479 tanta
3086 425 3274 480 mundi
3306 438 3648 483 commuta-

347 520 494 574 tione
525 519 784 574 omnibus
822 516 1268 588 agnoscentibus,
1316 511 1483 566 Deum
1512 507 1905 564 universorum
1941 516 1997 562 et
2028 510 2248 578 pietatis
2283 520 2448 579 atque
2477 514 2699 568 virtutis
2739 514 3082 584 diligentiam
3115 517 3315 575 habere
3345 518 3647 576 festinan-

346 611 502 675 tium,
531 619 586 664 et
616 606 1040 679 gloriﬁcantium
1083 602 1302 674 quidem
1334 599 1428 654 Dei
1465 597 1848 669 Unigenitum,
1876 595 2252 653 exbibentimn
2279 616 2409 658 vero
2448 611 2642 658 sancto
2690 603 2918 674 Spiritui
2971 604 3296 678 condignam
3327 609 3647 668 adoratio—

350 718 472 760 nem
502 720 515 754 :
549 715 647 771 pro
669 700 868 771 quibus
900 697 955 751 Β.
990 694 1158 749 David
1190 693 1304 747 ait:
1340 689 1614 745 Eructevit
1644 705 1734 743 cor
1764 702 1942 742 meum
1969 688 2182 743 verbum
2209 691 2400 747 bonum
2434 694 2610 752 (Psal.
2645 711 2793 760 xLiv,
2824 697 2904 767 i).

863 830 1186 888 PSALMUS
1215 827 1404 886 XLIX.

2582 830 2873 884 ΨΑΛΜΟΣ
2926 832 3062 889 ΜΘ’.

417 920 586 987 Vens.
611 930 664 985 i.
681 959 751 970 —
771 914 1061 982 Etiam'hie
1085 924 1327 994 psalmus
1347 921 1575 978 moralis
1597 927 1705 984 est,
1729 931 1924 974 verum

2103 920 2252 991 Στίχ.
2277 924 2532 977 ext—Kal
2542 919 2694 987 οὗτος
2716 925 2793 993 (2)
2813 925 2999 994 ἡθικὸς
3011 927 3039 979 ὁ
3057 926 3165 994 ψαλ
3173 928 3290 998 μὺς,
3304 929 3418 984 ἀλλ’
3429 931 3645 984 οὐκέτι

348 1042 461 1082 non
509 1023 577 1078 ad
606 1035 798 1076 omnes
842 1017 1096 1074 homines
1139 1015 1415 1086 dirigitur,
1466 1014 1565 1071 sed
1610 1018 1826 1066 tantum
1857 1009 1926 1064 ad

2040 1011 2170 1082 πρὸς
2198 1011 2441 1076 ἃπαντας
2460 1014 2802 1085 ἀνθρώπους,
2835 1018 2970 1088 πρὸς
3018 1019 3303 1084 Ἰουδαίους
3331 1022 3388 1075 δὲ
3428 1025 3643 1092 μόνον,

348 1115 590 1178 .Imlaeos,
626 1121 814 1184 utpote
845 1108 1066 1164 virtutis
1112 1114 1540 1177 contemptores,
1591 1116 1647 1161 et
1686 1104 1742 1159 in
1774 1104 1928 1173 lega-

2040 1101 2232 1156 ὡσανεὶ
2259 1103 2595 1173 ἀμελοῦντας
2625 1107 2722 1176 μὲν
2745 1108 2965 1177 ἀρετῆς,
3001 1109 3061 1162 τὸ
3079 1110 3138 1162 δὲ
3170 1113 3280 1164 πᾶν
3297 1112 3645 1183 τιθεμένους

352 1211 497 1264 libus
528 1205 812 1262 sacriﬁciis
839 1209 1011 1258 totum
1047 1200 1414 1266 collocantes;
1451 1197 1557 1252 hoc
1600 1211 1773 1252 unum
1813 1201 1926 1251 sat-

2040 1197 2092 1248 lv
2117 1199 2234 1260 ταϊς
2273 1195 2486 1262 θυσίαις
2534 1197 2630 1251 τοῦ
2673 1200 2860 1270 νόμου,
2891 1201 2995 1265 ἕως
3039 1201 3133 1256 τοῦ
3163 1205 3362 1258 είδὲναι
3398 1206 3471 1260 τὰ
3523 1208 3645 1277 ῥή-

353 1309 608 1373 agentes,
661 1303 721 1352 ut
762 1295 925 1350 verba
971 1293 1104 1358 legis
1151 1290 1401 1355 scirent,
1453 1303 1565 1344 non
1621 1295 1804 1344 autem
1868 1292 1929 1342 ut

2040 1305 2177 1358 ματα
2228 1287 2386 1358 μόνον
2415 1289 2895 1361 ἐπιμελουμένους,
2919 1293 3101 1347 οὐκέτι
3141 1295 3199 1349 δὲ
3224 1297 3316 1348 καὶ
3351 1302 3419 1352 τὰ
3457 1316 3643 1369 προσ-

354 1389 608 1443 mandata
657 1390 958 1442 servarent.
992 1380 1104 1434 Illis
1150 1379 1317 1450 igitur
1349 1377 1753 1433 formidabilem
1802 1391 1926 1433 ser-

2040 1378 2290 1449 τάγματα
2333 1379 2639 1448 φυλάττειν.
2677 1382 2786 1434 Καὶ
2817 1382 3172 1454 φοϐερότερον
3227 1386 3412 1449 αὐτοῖς
3450 1404 3646 1442 κατα-

355 1496 572 1535 monem
636 1478 951 1539 instituens,
1002 1472 1260 1545 judicent.
1287 1470 1627 1541 iudicantem
1675 1477 1730 1524 et
1773 1469 1930 1540 ipsos

2040 1469 2313 1534 τκευάζων
2344 1470 2434 1524 τὸν
2462 1471 2640 1540 λόγον,
2671 1477 3066 1544 σχηματοποιεῖ
3095 1476 3640 1547 κριτὴν,δικάζοντα

353 1587 478 1627 reos
516 1569 744 1640 ﬁgurate
774 1566 1056 1621 describit.

2040 1561 2128 1612 καὶ
2152 1562 2278 1625 τοὺς
2317 1561 2724 1633 ἐλεγχομένους.

922 1699 1145 1755 PSAIM
1157 1697 1241 1754 US
1270 1697 1379 1755 LII.

2600 1698 2893 1753 ΨΑΛΜΟΣ
2918 1701 3045 1756 NB'.

426 1794 592 1850 Vens.
623 1795 772 1850 5.—
803 1791 938 1847 Cum
990 1791 1312 1861 trajectione
1361 1791 1464 1845 hoc
1516 1788 1759 1861 positum
1814 1795 1924 1843 est.

2097 1786 2248 1859 Στίχ.
2282 1805 2308 1841 ε
2329 1827 2343 1842 .
2363 1819 2433 1829 -
2455 1789 2590 1844 Μεθ’
2620 1791 2926 1860 ὐπρόἀτου
2971 1793 3138 1848 ἐστίν.
3167 1794 3323 1850 Οὕτω
3369 1798 3480 1869 γὰρ
3528 1801 3641 1852 επ-

357 1887 448 1940 Sic
505 1887 647 1940 enim
693 1884 856 1938 etiam
911 1882 999 1936 hic
1047 1880 1607 1951 subintelligendum;
1660 1878 1926 1950 quoniam

2040 1880 2428 1952 εσημηνάμεθα
2471 1882 2660 1935 κάκεῖ·
2705 1885 2738 1954 ἡ
2778 1883 2886 1956 γὰρ
2932 1885 3220 1940 ἀκολουθία
3247 1887 3422 1958 αὕτη⁸
3471 1891 3637 1960 Οὐχὶ

357 1980 472 2032 luce
498 1984 582 2032 est
608 1966 1002 2043 consequentia
1027 1987 1039 2022 :
1071 1969 1260 2024 Nonne
1283 1971 1448 2024 scient
1477 1986 1656 2024 omnes
1687 1969 1778 2040 qui
1802 1983 1928 2038 ope-

2040 1970 2368 2039 rrdtaortat
2413 1973 2638 2041 πάντες
2675 1978 2729 2029 οἱ
2780 1976 3152 2047 ἐργαζόμενοι
3184 1979 3300 2048 τὴν
3336 1981 3633 2050 ἀνομίαν,

359 2081 549 2124 rantur
613 2067 970 2136 iniquitatem,
1027 2062 1116 2131 qui
1177 2059 1429 2115 devorant
1477 2060 1678 2130 plebem
1721 2061 1777 2114 in
1809 2059 1926 2114 cibo

2040 2064 2084 2116 οι
2113 2065 2536 2133 κατεσθίοντες
2575 2066 2682 2120 τὸν
2711 2068 2865 2122 λαὸν
2883 2069 2952 2123 ἐν
2984 2070 3211 2137 ,ϐρώσει
3238 2071 3442 2140 ἄρτου.
3473 2074 3570 2127 ὅτι
3598 2079 3636 2130 ὁ

339 212 439 269 671
1501 212 1857 262 Τιιευυυιτιι
1897 212 1930 260 Il

2044 212 2386 262 SUESTENI
3517 214 3651 269 672

355 2163 530 2230 panis,
588 2159 838 2228 quoniam
895 2156 1034 2210 Deus
1080 2153 1358 2222 dissipavit
1420 2170 1544 2208 ossa
1605 2153 1929 2208 hominum?

354 2259 552 2306 cretera
585 2257 764 2304 autem
789 2248 1072 2316 interiecta
1097 2256 1246 2303 sunt.
1273 2245 1330 2300 Id
1353 2254 1440 2301 est
1470 2263 1484 2298 :
1517 2243 1642 2298 Non
1661 2260 1728 2298 ne
1750 2243 1931 2298 scient

357 2341 460 2408 ipsi
492 2339 728 2409 operarii
760 2337 1088 2407 iniquitatis,
1125 2338 1218 2410 qui
1251 2337 1514 2406 populum
1539 2334 1834 2398 devorant,
1875 2342 1933 2390 et

354 2433 510 2501 quasi
539 2433 720 2487 cibum
749 2431 1125 2486 necessarium
1162 2430 1314 2498 ipsos
1357 2441 1685 2482 consumere
1723 2440 1933 2479 conan-

352 2533 465 2587 tur,
496 2535 546 2579 te
571 2537 762 2578 omnes
782 2523 1093 2587 absumere,
1115 2529 1170 2577 et
1198 2520 1438 2584 abolere,
1475 2519 1569 2588 qui
1600 2517 1921 2574 hominibus

355 2618 594 2686 placent,
623 2613 892 2685 Rapsacis
921 2612 1173 2682 exemplo
1200 2610 1496 2680 ;quoniam
1529 2609 1576 2664 is
1601 2608 1669 2663 ad
1696 2608 1933 2676 gratiam

357 2708 659 2770 hominum,
694 2706 858 2762 verba
898 2704 1192 2774 impietatis
1223 2703 1383 2773 plena
1417 2701 1764 2771 proferebat?
1796 2700 1933 2754 Illud

359 2809 559 2864 autem,
592 2799 761 2853 Deum
792 2815 896 2852 non
921 2798 1332 2861 invocaverunt;
1380 2796 1493 2849 illic
1529 2796 1817 2849 timuerunt
1863 2794 1934 2847 ti-

356 2908 520 2954 more,
551 2889 638 2943 ubi
666 2906 768 2942 non
791 2897 906 2942 erat
944 2887 1123 2950 timor,
1147 2885 1202 2940 in
1227 2885 1408 2940 medio
1436 2883 1746 2951 interjacet,
1775 2881 1935 2951 quasi

357 2985 530 3047 dicat,
567 2982 658 3037 Dei
691 2981 1007 3036 memoriam
1043 2995 1151 3035 non
1183 2979 1476 3037 facientes,
1515 2976 1784 3030 timebant
1814 2988 1936 3044 qua:

356 3092 464 3131 non
515 3081 987 3146 exspectaverant.
1048 3072 1142 3127 Illa
1200 3071 1348 3125 enim
1398 3085 1522 3140 qnze
1571 3067 1934 3140 Jerosolymis

354 3176 532 3232 erant,
560 3175 823 3237 tanquam
858 3165 1036 3220 iutilia
1066 3172 1121 3220 et
1157 3163 1364 3218 nullius
1391 3162 1655 3217 momenti
1686 3169 1936 3215 contem-

356 3271 568 3326 nentes,
602 3267 798 3331 praeter
827 3273 1046 3314 omnem
1076 3271 1229 3326 spem
1261 3271 1290 3309 a
1316 3255 1429 3311 Deo
1451 3253 1725 3324 supplicio
1751 3251 1934 3307 aﬂ'ecti

356 3359 504 3408 sunt.

2032 2155 2176 2221 Θεὸς
2187 2154 2572 2225 διεσκόρπισε
2589 2160 2662 2212 τὰ
2683 2157 2835 2214 ὀστᾶ
2859 2161 3450 2235 ἁνθρώπ[αρέσκ]ων;
3470 2163 3542 2216 τὰ
3570 2166 3633 2218 δὲ

2030 2244 2194 2300 λοιπά
2216 2247 2303 2300 διὰ
2337 2248 2524 2320 μέσου.
2552 2251 2861 2306 Τουτέστινο
2892 2255 3005 2307 Οὐκ
3031 2254 3096 2308 ἂν
3128 2256 3347 2325 μάθοιεν
3382 2259 3540 2311 αὐτοὶ
3575 2259 3631 2311 οἱ

2031 2330 2130 2402 τῆς
2159 2334 2389 2404 ἀνομίας
2413 2338 2639 2407 ὲργάται
2661 2377 2679 2405 ,
2721 2341 2771 2393 οί
2811 2340 2903 2395 τὸν
2941 2341 3068 2396 λαὸν
3096 2345 3494 2411 κατεσθίοντες,
3525 2350 3628 2402 καὶ

2034 2427 2452 2483 καταναλίσκειν
2476 2429 2664 2502 ὥσπερ
2708 2433 2832 2488 τινὰ
2858 2436 3064 2506 τροφὴν
3083 2437 3387 2505 ἀναγκαίαν
3419 2441 3628 2504 αὐτοὺς

2034 2518 2388 2589 πειρώμενοι,
2426 2522 2509 2575 ὃτι
2558 2525 2770 2589 πάντας
2817 2528 3150 2593 ἀναλίσκεις,
3183 2531 3278 2584 καὶ
3334 2531 3629 2600 ἀφανίζεις

2034 2612 2162 2674 τοὺς
2184 2612 2698 2684 ἀνθρωπαρέσκους,
2729 2619 2805 2682 ὡς
2829 2620 2937 2674 ἀπὸ
2964 2622 3058 2676 τοῦ
3104 2623 3376 2692 Ῥαψάκου
3395 2665 3409 2688 ,
3429 2626 3624 2696 ἐπειδὴ

2035 2702 2173 2772 πρὸς
2196 2703 2354 2774 χάριν
2381 2705 2682 2776 ἀνθρώπιον
2709 2708 2960 2774 ἀσεϐείας
2983 2711 3280 2780 ἐφθέγγετο
3307 2715 3514 2784 μεστάς
3547 2717 3625 2769 Τὸ

2033 2792 2112 2858 δὲ,
2145 2793 2256 2847 Τὸν
2303 2796 2452 2849 Θεὸν
2496 2799 2608 2851 οὐκ
2651 2799 3100 2856 ἐπεκαλέσαντο
3124 2819 3137 2832 ·
3166 2804 3293 2858 ἐκεῖ
3325 2806 3623 2874 ἐφοϐήθη-

2035 2900 2158 2939 σαν
2182 2887 2370 2954 φόϐον
2390 2884 2462 2943 οὗ
2487 2892 2597 2944 οὐκ
2619 2886 2696 2960 ἦν
2721 2894 2924 2960 φόϐος,
2952 2893 3040 2947 διά
3070 2894 3233 2965 μέσου
3258 2898 3452 2950 κεῖται.
3472 2897 3623 2953 ’Λντὶ

2034 2977 2151 3039 τοῦ,
2177 2977 2312 3031 Θεοῦ
2359 2981 2579 3050 μνήμην
2639 2983 2712 3053 μὴ
2761 2985 3139 3054 ποιησάμενοι,
3182 2988 3532 3060 ἐφοϐήθησαν
3583 2990 3622 3046 ἃ

2039 3065 2113 3138 μὴ
2162 3069 2588 3142 προσεδόκησαν.
2627 3074 3154 3146 Καταφρονήσαντες
3187 3078 3296 3150 γάρ
3317 3079 3424 3133 τῶν
3460 3083 3518 3133 ὲν
3548 3083 3617 3152 τῇ

2045 3158 2419 3232 Ἰερουσαλὴμ,
2451 3163 2526 3226 ὡς
2557 3163 2788 3218 εὐτελῶν
2838 3168 2929 3219 καὶ
2972 3168 3171 3236 ὀλίγων
3190 3207 3205 3232 ,
3237 3170 3388 3239 παρά
3434 3172 3621 3226 πᾶσαν

2037 3251 2225 3305 ἐλπίδα
2252 3253 2350 3324 τὴν
2382 3254 2534 3326 παρά
2579 3256 2673 3309 τοῦ
2707 3256 2841 3312 Θεοῦ
2865 3260 3135 3330 τιμωρίαν
3177 3261 3443 3326 ἐδέξαντο.

425 3463 590 3518 Vens.
625 3464 679 3516 7.
707 3491 777 3503 —
805 3461 1077 3527 Quoniam
1122 3459 1265 3514 Deus
1299 3458 1356 3512 in
1397 3457 1533 3511 Sion
1570 3455 1822 3510 habitare
1863 3454 1930 3509 ab

2107 3457 2233 3526 Στίχ
2287 3455 2351 3519 ζ’.
2387 3457 2687 3527 -Ἑπεεδὴ
2718 3460 2775 3511 ὲν
2803 3462 2868 3530 τῇ
2900 3460 3036 3513 Σιὼν
3068 3465 3339 3516 κατοικεῖν
3369 3463 3496 3532 παρ’
3520 3463 3618 3516 αὖ·

356 3554 491 3624 ipsis
527 3552 843 3622 putabatur,
892 3549 1181 3615 Quisnam,
1212 3548 1416 3618 inquit,
1465 3547 1534 3601 de
1580 3552 1766 3601 monte
1798 3545 1932 3601 Sion

355 3645 588 3702 salutem
625 3642 786 3698 nobis
825 3641 1146 3697 exhibebit?
1195 3639 1250 3694 ld
1285 3648 1393 3702 est,
1440 3639 1606 3707 Deus,
1670 3648 1930 3708 tanquam

355 3737 408 3792 id
448 3735 593 3807 quod
631 3736 682 3788 in
725 3733 980 3789 confesso
1019 3734 1113 3796 sit,
1142 3733 1449 3792 subticens.
1481 3731 1930 3801 quandoquidem

352 3846 419 3884 ex
453 3837 636 3883 monte
667 3829 801 3882 Sion
830 3843 859 3880 a
891 3827 1044 3880 nullo
1073 3825 1180 3880 alio
1215 3825 1476 3880 ansilium
1501 3826 1750 3894 accipere
1788 3834 1934 3894 pote-

354 3931 498 3984 rant,
555 3929 915 3990 praaterquam
968 3933 1001 3972 a
1047 3917 1184 3985 Deo,
1229 3917 1323 3987 qui
1358 3917 1560 3973 ibidem
1597 3918 1931 3972 commorari

351 4012 698 4067 credebatur.

907 4142 1227 4200 PSALMUS
1268 4143 1398 4198 LIII.

423 4283 589 4338 Vitas.
613 4283 669 4337 '5.
697 4313 766 4322 ——
790 4282 1059 4348 Quoniam
1103 4282 1204 4344 illi,
1253 4281 1346 4351 qui
1378 4281 1658 4336 civitatem
1709 4281 1932 4336 obside-

353 4376 504 4436 hant,
543 4375 646 4428 hoc
679 4373 952 4442 prmcipue
982 4371 1411 4442 exprobrabant,
1446 4370 1591 4440 quod
1621 4387 1682 4425 ea
1713 4388 1835 4440 qua:
1861 4371 1932 4426 ab

355 4467 584 4522 Ezechia
647 4465 992 4527 dicebantur,
1058 4464 1135 4518 nil
1191 4463 1326 4534 ipsis
1387 4464 1648 4533 prodesse
1702 4471 1930 4533 possent

350 4562 539 4628 (erant
567 4569 746 4613 autem
789 4558 925 4622 Inec,
977 4557 1121 4626 quod
1153 4557 1410 4610 nimirum
1453 4557 1506 4610 in
1542 4555 1710 4610 Deum
1759 4555 1929 4611 confr-

349 4650 586 4722 dendum
626 4651 718 4711 sit,
748 4649 839 4719 qui
877 4649 1031 4718 ipsos
1063 4663 1094 4702 e
1128 4647 1376 4716 periculo
1419 4656 1566 4703 esset
1598 4647 1822 4702 omnino
1859 4647 1926 4700 li-

352 4741 694 4810 beraturus),
748 4741 976 4810 pulchre
1023 4740 1162 4794 dixit
1228 4740 1412 4796 istud:
1463 4739 1530 4794 In
1579 4741 1786 4794 nomine
1837 4750 1926 4792 tuo

2035 3549 2145 3611 τοῖς
2198 3548 2498 3618 ὑπείληπτο
2533 3552 2561 3603 ὁ
2597 3549 2730 3613 Θεὸς
2754 3590 2766 3613 ,
2809 3553 2894 3614 τίς
2949 3554 3109 3622 ἡμῖν,
3143 3555 3340 3624 φησὶν,
3373 3555 3480 3608 ἀπὸ
3516 3555 3611 3609 τοῦ

2037 3639 2173 3695 Σιὼν
2191 3641 2349 3711 ὄρους
2369 3641 2592 3712 παρέξει
2610 3643 2710 3712 τὴν
2740 3643 3010 3712 σωτηρίαν
3035 3662 3049 3710 ;
3074 3647 3192 3698 ἀντὶ
3220 3645 3337 3712 τοῦ,
3373 3647 3430 3700 '0
3456 3647 3610 3718 Θεὸς,

2033 3731 2108 3794 ὡς
2157 3732 2584 3802 ὁμολογούμενον
2641 3737 3069 3809 ἀποσιωπήσας,
3109 3739 3232 3792 ἐπεὶ
3296 3739 3429 3809 μηδὲ
3484 3741 3612 3811 ὲνῆν

2036 3826 2163 3893 παρ’
2203 3823 2389 3895 ἑτέρου
2437 3827 2581 3890 τινὸς
2610 3827 2930 3892 ἐκδέξασθαι
2979 3828 3230 3899 βοήθειαν
3262 3832 3326 3884 ὲκ
3349 3832 3442 3884 τοῦ
3473 3831 3612 3886 Σιὼν

2034 3913 2190 3978 ὅοους
2215 3916 2268 3986 ,ἢ
2305 3916 2399 3970 τοῦ
2430 3915 2586 3984 Θεοῦ,
2619 3918 2714 3971 καὶ
2738 3917 2944 3986 διάγειν
2973 3921 3089 3972 ἐκεῖ
3126 3922 3533 3992 πιστευομένου.

2593 4141 2886 4195 ΨΑΛΜΟΣ
2918 4143 3043 4197 ΝΡ.

2106 4274 2250 4344 Στίχ.
2276 4281 2419 4343 γ⁵.-
2434 4277 2652 4346 Ἐπειδὴ
2674 4276 2832 4331 τοῦτο
2856 4278 3089 4348 μάλιστα
3107 4279 3602 4347 ὲκεῖνοιώνείδιζον,

2035 4369 2439 4432 κεκυκλωκότες
2485 4369 2582 4439 τὴν
2636 4369 2821 4431 πόλιν,
2855 4370 2930 4434 ὡς
2974 4370 3126 4424 οὐδὲν
3173 4372 3369 4435 αὐτοὺς
3418 4372 3600 4442 ὀνῆσαι

2032 4459 2254 4513 δύναται
2293 4460 2360 4514 τὰ
2401 4461 2552 4532 παρὰ
2593 4461 2687 4514 τοῦ
2735 4462 2976 4526 Ἐζεκίου
3019 4464 3289 4532 λεγόμενα
3320 4463 3508 4533 (ταῦτα
3543 4462 3601 4517 δὲ

2031 4547 2120 4622 ἦν,
2151 4552 2226 4615 ὼς
2257 4553 2531 4623 προσῆκεν
2558 4554 2648 4606 ἐπὶ
2699 4554 2790 4606 τὸν
2816 4555 2948 4608 Θεὸν
2977 4555 3315 4614 πεποιθέναι,
3345 4555 3402 4617 ὃς
3434 4553 3597 4609 ἀπαλ-

2031 4642 2178 4708 λάξει
2215 4644 2433 4708 πάντως
2479 4645 2674 4708 αὐτοὺς
2701 4646 2794 4699 τοῦ
2829 4647 3118 4715 κινδύνουγ
3154 4647 3334 4710 καλῶς
3365 4645 3479 4700 εἷπε
3517 4645 3593 4708 τὸ,

2044 4740 2139 4793 Ἐν
2160 4738 2238 4804 τῷ
2264 4739 2508 4807 ὀνόματί
2533 4737 2649 4794 σου
2671 4739 2879 4794 σῶσόν
2895 4755 2993 4808 με.
3025 4739 3068 4791 Τ
3071 4739 3314 4792 ουτέστιν
3334 4755 3347 4768 ·
3391 4737 3595 4812 Ἐπειδὴ

351 4834 556 4888 salvum
586 4849 666 4887 me
695 4833 798 4902 fac.
831 4831 883 4886 Id
913 4841 1030 4888 est:
1060 4833 1508 4903 Quandoquidem
1545 4849 1742 4888 nomen
1774 4842 1926 4887 tuum

2040 4831 2121 4885 τὸν
2161 4830 2250 4884 σὺν
2274 4831 2443 4901 ὄνομα
2472 4831 2899 4903 ἐπικαλούμενος
2930 4831 3264 4902 χλευάζομαι
3297 4833 3426 4904 παρ’
3457 4829 3595 4884 ὲκεί-

353 4925 616 4992 invoeans
654 4924 724 4978 ab
774 4924 909 4992 ipsis
947 4924 1223 4988 derideor,
1282 4925 1335 4978 in
1375 4923 1480 4976 hoc
1518 4924 1640 4992 ipso
1691 4925 1923 4978 salutem

351 5015 483 5070 mihi
519 5015 724 5086 pra-be,
777 5031 844 5069 ne
879 5013 1021 5070 bello
1070 5015 1152 5069 vel
1186 5014 1434 5070 exercitu
1485 5017 1557 5070 sit
1607 5029 1779 5084 opus;
1829 5015 1924 5070 sed

352 5109 469 5164 sola
496 5117 586 5162 tua
612 5107 961 5162 invocatione
983 5121 1290 5175 consequar
1312 5124 1432 5177 qua)
1453 5117 1600 5178 peto,
1626 5117 1685 5163 ut
1711 5108 1929 5164 discant

354 5199 406 5252 lii
443 5207 648 5268 quanta
681 5199 857 5253 virtus
889 5198 961 5253 sit
988 5213 1178 5253 eorum
1215 5201 1306 5270 qui
1344 5202 1604 5256 auxilium
1643 5212 1795 5257 tuum
1825 5201 1930 5255 im-

355 5292 588 5359 plorant.

424 5398 587 5454 Vsus.
616 5400 670 5454 ι.
704 5429 772 5445 -ρ
801 5401 1056 5464 Attende,
1089 5403 1286 5472 inquit,
1316 5410 1369 5458 et
1396 5418 1519 5458 cum
1558 5405 1923 5474 propensionc

351 5488 482 5545 audi
515 5491 678 5548 verba
717 5493 984 5549 orationis
1015 5509 1164 5548 mra).

425 5673 500 5743 (ι)
532 5673 686 5744 Apud
721 5672 1031 5730 Facundum
1069 5673 1531 5742 ilermianensem,
1563 5691 1640 5740 ιι,
1676 5676 1715 5730 l.

2031 4942 2158 4988 νων,
2205 4925 2262 4976 ὲν
2294 4923 2442 4994 αὐτῷ
2485 4923 2657 4994 τούτῳ
2687 4924 2787 4995 τὴν
2843 4925 3116 4995 σωτηρίαν
3149 4941 3238 4992 μοι
3285 4923 3589 4994 παράσχου,

2032 5017 2173 5071 ὥστε
2232 5016 2305 5088 μὴ
2340 5015 2598 5086 πολέμου,
2641 5015 2716 5086 μὴ
2769 5015 3124 5087 παρατάξεως
3151 5015 3405 5086 δεηθῆναι
3433 5031 3443 5042 ·
3473 5013 3593 5067 ἀλλά

2034 5108 2169 5179 μόνῃ
2194 5109 2259 5179 τῇ
2292 5109 2358 5178 σῇ
2389 5109 2665 5178 προσευχῇ
2691 5108 2869 5176 τυχεῖν
2902 5105 3011 5158 τῶν
3041 5105 3500 5176 σπουδαζομένων,
3513 5105 3591 5158 ἵνα

2033 5200 2279 5271 μάθωσιν
2303 5193 2469 5264 οῦτοι,
2497 5193 2780 5270 πόσητῶν
2810 5199 2908 5269 τὴν
2943 5197 3196 5270 βοήθειαν
3242 5199 3578 5272 ἐπικαλουμέ-

2030 5308 2136 5346 νων
2163 5292 2196 5362 ἡ
2233 5290 2404 5362 ἰσχύς.

2103 5405 2250 5475 Στίχ.
2279 5404 2343 5458 δ’.
2373 5435 2440 5444 -
2467 5405 2775 5475 Φρόντισον,
2811 5404 2943 5475 φησὶ
2967 5445 2982 5471 ,
3019 5404 3112 5457 καὶ
3155 5403 3292 5473 μετά
3320 5403 3592 5471 διαθέσεως

2030 5493 2260 5550 ἄκουσον
2291 5494 2399 5547 τῶν
2427 5493 2526 5564 τῆς
2555 5495 2865 5567 προσευχῆς
2899 5513 3001 5568 μου
3029 5493 3288 5568 ῥημάτων

2102 5677 2180 5747 (Ξ)
2209 5674 2285 5730 Ex
2317 5674 2605 5733 Corderio.
