1917 3112
111 128 166 157 C73

394 184 539 211 ΨΑΛΜΟΣ
559 184 620 212 ΝΔ’.

714 126 898 155 EXPOSITIO
919 127 950 155 iN
967 127 1137 155 PSALHOS.

1691 129 1745 156 675

1227 185 1388 214 PSALMUS
1414 186 1481 214 LIV.

147 231 300 265 Θεοδώρου
316 231 380 265 (1).
400 232 456 266 Τῆς
484 230 675 265 αἰχμαλωσίας
701 230 904 264 ἀπαλλαγέντες

993 231 1159 266 Babylonica
1180 232 1341 266 captivitate
1359 233 1446 260 Judaei
1466 233 1632 260 mirabiliter
1655 241 1670 260 a
1698 233 1744 261 Dei

112 277 149 312 [οἰ
169 276 302 313 Ἰουδαῖοι]
322 277 374 312 τῆς
401 277 429 304 ἐν
456 276 595 303 Βαϐυλῶνι
621 276 779 311 παραδόξως
801 277 834 311 τῇ
855 276 903 302 τοῦ

110 323 180 350 0εοῦ
194 324 319 358 δυνάμει,
336 323 541 350 κατεσκεύασαν
554 324 603 358 μὲν
616 323 661 349 τὸν
669 322 731 349 ναὸν
745 324 791 349 καὶ
800 323 903 349 οἰκείαν

112 368 193 395 πάλιν
214 367 326 403 ᾤκησαν
351 368 414 403 γῆν,
427 368 574 403 ἀπειλήφει
598 368 626 394 δὲ
650 368 695 394 καὶ
720 368 737 402 ἡ
761 368 837 399 πόλις
859 367 904 394 τὸν

111 417 210 441 οἰκεῖον
226 415 335 442 ἅπαντα
354 415 456 450 κόσμον
466 422 473 429 ·
490 414 559 441 ἀλλά
573 415 620 440 καὶ
633 414 744 448 βαθείας
766 414 904 449 ἀπήλαυον

111 461 161 496 τῆς
175 461 294 496 εἰρήνης.
306 461 360 487 Καὶ
376 461 408 496 δὴ
419 460 465 486 τοῦ
487 460 582 495 χρόνου
598 460 826 495 παραϐαίνοντος,
838 461 904 495 ἁρχ-

113 509 203 543 ιερεὺς
216 507 263 534 τοῦ
276 507 369 538 ἔθνους
383 507 528 542 γεγένηται
544 506 644 537 Ὀνίας,
657 506 724 541 ἀνὴρ
737 506 905 537 δικαιότατος

112 554 160 580 καὶ
180 553 390 584 εὐσεϐέστατος·
409 553 470 579 τότε
486 552 514 578 δὲ
536 553 600 583 τοὺς
626 552 764 587 ἀρχιερεῖς
794 552 841 578 καί
856 552 905 586 τὴν

111 600 199 635 ἀρχὴν
212 598 259 626 τοῦ
274 599 366 629 ἔθνους
381 599 596 631 ὲμπεπιστεῦθαι
613 598 778 625 συνέϐαινεν.
792 599 831 633 Τῇ
849 598 905 624 τοὶ-

110 653 161 670 νυν
175 643 321 679 ἐπιστασίᾳ
339 643 386 670 τοῦ
404 643 500 676 Ὀνίου,
515 643 584 678 μετὰ
596 643 685 677 πάσης
699 642 840 677 ἀκριϐείας
851 642 905 668 τῶν

109 690 235 724 νομίμων
261 689 479 724 φυλαττομένων,
497 689 544 715 καὶ
558 689 606 724 τῆς
623 689 662 720 εἰς
679 688 724 714 τὸν
744 688 810 714 Θεὸν
830 689 906 715 εὐσε-

111 735 189 766 ϐείας
206 735 304 771 ἄριστα
320 734 521 769 πληρουμένης,
537 734 628 769 Σίμων
649 743 691 765 τις
708 735 739 761 ἐκ
752 735 802 769 τῆς
819 735 906 770 φυλῆς

111 781 260 815 Βενιαμὶν,
281 779 413 807 Σελεύκου
442 780 503 806 τότε
528 779 716 814 βασιλεύοντος
743 781 792 815 τῆς
813 781 905 811 Ἀσίας

109 827 231 862 ἁπάσης,
255 826 355 861 Συρίας
379 834 409 852 τε
427 826 474 852 καὶ
495 826 631 861 Φοινίκης,
653 826 821 860 προστασίαν
844 826 905 853 τινὰ

109 872 329 907 πεπιστευμένος
343 871 390 898 τοῦ
407 871 479 907 ἱεροῦ
489 891 497 902 ,
514 872 642 907 διηνέχθη
661 872 773 914 μὲνμσῦκ
788 872 905 906 εὐλόγως
917 890 941 920 Β

110 918 181 952 πρὸς
196 917 243 943 τὸν
261 916 349 943 Ὀνίαν
361 924 368 932 ·
391 917 420 943 ὲν
437 916 465 942 δὲ
481 917 513 950 τῇ
531 916 598 951 πρὸς
614 917 694 943 αὐτὸν
709 912 834 952 ἡττηθεὶς
848 917 904 944 δια-

110 963 195 997 φορᾷ,
211 961 348 988 κοινοῦται
374 961 543 997 ’Δπολλωνίῳ
570 961 608 997 τῷ
634 962 790 998 στρατηγῷ,
814 964 904 999 φήσας

109 1008 274 1034 ἀποκεῖσθαι
286 1008 433 1043 πάμπολλα
451 1008 502 1043 χρὴ
508 1017 578 1042 ματα
591 1009 620 1034 ὲν
631 1008 670 1043 τῷ
682 1008 750 1044 ναῷ,
763 1009 781 1036 ’ὰ
792 1009 904 1036 δυνατὸν

108 1052 247 1087 ληφθέντα
259 1052 383 1088 χρήσιμα
397 1053 435 1088 τῷ
449 1053 554 1088 βασιλεί
568 1054 696 1087 γενέσθαι
707 1054 775 1090 πρὸς
789 1063 904 1090 στρατο-

108 1097 203 1131 λογίαν
215 1105 221 1112 ·
234 1098 337 1132 γίνεται
351 1098 379 1125 δὲ
392 1097 472 1125 τοῦτο
482 1098 528 1125 καὶ
542 1098 581 1133 τῷ
597 1099 702 1134 βασιλεῖ
711 1100 849 1136 γνώριμον
860 1100 904 1127 διὰ

108 1144 158 1170 τοῦ
171 1143 325 1179 στρατηγοῦ
337 1152 343 1157 ·
352 1145 398 1170 καὶ
408 1144 554 1179 δεξάμενος
564 1144 599 1171 τὰ
607 1145 683 1180 παρὰ
693 1145 739 1172 τοῦ
750 1145 903 1181 στρατηγοῦ

110 1188 277 1224 μηνυθέντα,
292 1186 451 1224 Ἥλιόόωρὸν
468 1198 529 1217 τινα
552 1190 605 1216 τῶν
622 1190 730 1217 οἰκείων
745 1192 904 1219 ἀποστέλλει

108 1234 261 1269 ληφόμενον
273 1234 307 1260 τὰ
317 1235 455 1270 χρήματα.
468 1235 521 1262 Καὶ
535 1235 567 1271 δὴ
586 1237 783 1271 παραγεγονὼς
793 1238 807 1263 ὁ
821 1237 906 1264 Ἥλιό.

108 1279 206 1314 δωρος,
223 1278 295 1313 ἔγνω
302 1280 451 1315 χρημάτων
461 1280 509 1315 μὲν
522 1281 571 1307 οὐκ
583 1279 653 1307 εἶναι
669 1282 795 1309 τοσοῦτον
805 1282 904 1318 πλῆθος

108 1325 140 1351 ἐν
151 1325 188 1359 τῷ
206 1324 271 1360 ξερῴ
284 1325 345 1351 ὅσον
356 1326 372 1361 ἡ
382 1325 428 1352 τοῦ
438 1326 558 1362 Σίμωνος
571 1326 822 1363 ἐΰούλετοδιαὸολὴ,
835 1328 904 1355 εἶναι

108 1370 139 1396 δὲ
149 1370 237 1404 ὀλίγα,
248 1371 294 1397 καὶ
306 1371 392 1398 ταῦτα
406 1371 664 1408 παρακς[τα]θήκας
680 1373 822 1408 ἐτέρων.οἳ
837 1374 904 1410 πρὸς

109 1415 161 1451 τὴν
176 1415 347 1448 ἀξιοπιστίαν
363 1417 410 1443 τοῦ
425 1417 507 1443 τόπου
523 1418 568 1443 καὶ
583 1418 632 1453 τὴν
646 1418 692 1444 τοῦ
707 1418 773 1444 Θεοῦ
790 1419 905 1454 δύναμιν

110 1462 325 1497 ἀποϐλέψαντες,
338 1463 388 1495 τὰς
404 1463 665 1499 παρακα[τα]θήκας
681 1463 811 1491 ἀπέθεντο
821 1474 828 1480 ·
844 1474 905 1491 συν-

110 1508 253 1535 εϐούλευεν
267 1509 295 1535 δὲ
311 1510 325 1536 ὁ
341 1509 440 1541 Ὀνίας,
456 1510 538 1545 μηδὲν
553 1510 727 1546 ἐπιχειρῆσαι
744 1511 835 1537 λαὸεῖν
851 1511 905 1538 τῶν

956 279 1078 312 potentia
1092 277 1210 310 liberati,
1220 279 1447 306 instauraverunt
1460 279 1600 314 templum,
1613 287 1746 315 suamque

956 331 1053 350 rursus
1075 324 1189 358 patriam
1216 323 1416 356 incoluerunt;
1438 324 1552 359 ipsaque
1573 324 1638 351 urbs
1658 329 1743 352 toturn

956 370 1060 403 recepit
1081 370 1254 403 splendorem
1276 374 1413 401 veterem.
1430 370 1539 404 altaque
1559 378 1626 404 pace
1650 370 1744 397 cuncti

955 414 1119 442 fruebantur
1148 414 1199 446 (11
1214 415 1299 442 Maeli.
1324 423 1373 446 ut.
1392 415 1447 450 tv).
1476 415 1627 450 Progressu
1652 420 1742 443 autern

957 457 1090 495 temporis
1108 461 1231 495 pontifex
1250 461 1337 495 gentis
1362 460 1451 488 factus
1466 466 1508 488 est
1523 461 1626 493 Onias,
1642 463 1684 489 vir
1698 463 1743 496 ju-

955 506 1095 533 stissimus
1116 511 1143 534 et
1162 507 1406 542 religiosissimus:
1424 505 1489 534 tunc
1508 508 1580 535 enim
1601 508 1633 535 ad
1653 508 1743 542 ponti-

957 550 1022 579 ﬁces
1048 552 1219 586 principatus
1245 559 1354 586 quoque
1383 552 1472 587 gentis
1496 552 1597 580 deferri
1628 554 1742 580 solebat.

956 596 1030 631 Ergo
1048 596 1117 624 Onia
1137 597 1176 624 rei
1195 598 1311 632 publica!
1327 598 1508 632 praesidente,
1529 599 1596 633 legis
1611 599 1674 633 jure
1695 606 1742 625 ac-

956 646 1053 669 curate
1085 643 1248 673 observato,
1276 643 1407 679 religione
1436 652 1499 678 erga
1526 644 1611 671 Deum
1640 644 1742 679 optime

956 689 1096 720 exercita,
1114 687 1208 714 Simon
1230 688 1341 723 qttidant
1361 689 1394 715 de
1411 689 1483 716 tribu
1501 688 1653 723 Bcnjatntni
1666 709 1672 720 ,
1694 688 1743 716 Sc-

956 734 1035 760 leuco
1046 733 1118 760 Asia:
1136 734 1272 761 universa:
1290 734 1431 770 Syriisque
1450 739 1477 762 et
1493 734 1642 762 Pltmnicim
1658 736 1743 770 itnpe-

957 783 1054 809 rante.
1073 780 1191 813 quadam
1208 779 1302 814 templi
1323 772 1505 815 pra’positura
1527 780 1672 815 praeditus,
1696 788 1743 815 pa-

956 829 1016 851 rum
1035 825 1151 852 honeste
1168 826 1203 852 ab
1222 825 1291 852 Onia
1309 826 1480 853 dissidebat:
1504 827 1531 853 in
1552 834 1606 861 qua
1628 831 1743 854 conten-

956 871 1030 898 tione
1059 871 1163 903 victus,
1195 871 1325 899 co‘nvenit
1356 872 1532 907 Apollonium
1562 873 1741 907 praefectum,

954 918 1035 951 eique
1059 917 1191 944 indicavit
1219 918 1363 952 plurimam
1389 926 1451 945 esse
1480 918 1506 944 in
1532 919 1633 953 templo
1658 927 1742 953 pecu-

954 964 1026 989 nium
1041 985 1048 996 ,
1070 970 1131 998 qme
1150 964 1212 990 inde
1233 967 1391 997 protracta.
1410 964 1466 999 regi
1487 964 1520 991 ad
1547 965 1661 992 militum
1690 965 1741 992 sti-

955 1007 1052 1042 pendia
1080 1007 1155 1034 utilis
1185 1007 1266 1035 foret.
1296 1007 1375 1040 Quod
1401 1016 1463 1035 cum
1487 1015 1502 1035 a
1529 1008 1657 1043 prmlecto
1684 1010 1740 1045 regi

954 1053 1139 1087 signiﬁcatum
1157 1054 1272 1086 fuisset,
1291 1054 1336 1081 hic
1350 1061 1384 1081 eo
1398 1054 1501 1081 indicio
1522 1063 1589 1083 usus
1612 1054 1741 1082 Heliodo-

954 1105 1014 1125 rum
1034 1099 1179 1133 quemdam
1201 1096 1363 1126 familiarem
1384 1107 1464 1127 suurn
1490 1100 1566 1127 misit
1589 1101 1635 1135 qui
1656 1108 1740 1135 pecn-

953 1145 1027 1171 niam
1044 1150 1163 1180 t-aperct.
1178 1143 1237 1172 Jam
1256 1153 1319 1172 vero
1337 1146 1401 1173 illuc
1416 1146 1553 1181 proiectus
1566 1145 1739 1180 Heliodorus,

954 1191 1088 1225 comperit
1106 1199 1161 1218 non
1176 1196 1266 1219 tantas
1289 1199 1351 1219 esse
1367 1192 1395 1218 in
1419 1192 1522 1227 tctnplo
1539 1199 1606 1227 opes
1622 1198 1740 1228 quantas

956 1235 1049 1264 Simon
1067 1237 1175 1264 delator
1201 1236 1327 1269 dixerat,
1343 1237 1390 1265 sed
1417 1238 1577 1265 thesaurum
1592 1238 1739 1271 tnodicum,

954 1286 981 1309 et
997 1282 1106 1317 quidem
1133 1290 1165 1309 ex
1186 1282 1282 1310 alienis
1299 1282 1431 1318 depositis
1451 1283 1592 1310 hominum
1610 1284 1656 1319 qui
1682 1286 1741 1311 loco

955 1327 1069 1355 ﬁdentes
1081 1331 1108 1354 et
1122 1327 1168 1354 Dei
1179 1328 1329 1362 potentiam
1342 1328 1557 1363 religionemque
1571 1334 1739 1363 spectantes,

954 1372 991 1400 ibi
1011 1379 1060 1400 sua
1076 1377 1265 1407 reposuerant.
1282 1372 1451 1400 Hortabatur
1464 1381 1546 1408 porro
1563 1373 1740 1401 Heliodorqu

955 1419 1058 1451 Onias,
1090 1427 1123 1446 ne
1139 1418 1205 1453 quid
1223 1418 1287 1446 inde
1304 1419 1484 1446 detraheret:
1503 1420 1605 1447 ctenitn
1631 1420 1684 1447 Deo
1700 1420 1741 1447 fa-

956 1470 1029 1493 ctum
1046 1465 1079 1492 iri
1093 1465 1221 1500 injuriam
1234 1472 1400 1500 gravemque
1416 1465 1559 1498 ollensam,
1578 1467 1601 1493 si
1616 1466 1740 1501 deposita

957 1510 1028 1545 apud
1041 1510 1129 1545 ipsum
1144 1510 1261 1544 pecunia
1275 1509 1452 1544 diriperetur.
1464 1509 1668 1538 Verumtamctn
1684 1511 1741 1538 hzcc

110 1555 413 1592 ἀποκειμένων.”Υ6ρις
428 1556 493 1591 γὰρ,
510 1557 602 1591 φησὶν,
615 1557 654 1587 εἰς
668 1558 698 1583 τὸ
710 1557 787 1583 Θεῖον
800 1557 829 1584 τὸ
838 1558 904 1591 γινό-

957 1555 1023 1582 nihil
1039 1555 1116 1590 pensi
1132 1554 1297 1582 Heliodorus
1314 1554 1450 1586 habebat,
1468 1555 1512 1581 cui
1537 1562 1593 1588 pra:
1611 1556 1741 1582 omnibus

113 1609 206 1636 μενον.
224 1602 270 1628 καὶ
284 1601 414 1637 λυπήσεις
428 1602 525 1632 ἐκεῖνο,
539 1599 569 1629 οῦ
583 1602 632 1637 τὴν
645 1602 904 1640 παρακα[τα]θήκην

111 1646 442 1682 ἀποσυλήσεις.Ἕμελλεν
457 1647 561 1674 τούτων
584 1648 660 1675 οὐδὲν
685 1648 721 1683 τῷ
742 1648 903 1684 Ἦλιοδὼρῳ,

113 1692 228 1727 μείζονα
243 1692 352 1719 πάντων
369 1693 493 1728 κρίναντι
507 1693 537 1719 τὸ
552 1693 598 1719 τοῦ
619 1692 752 1728 βασιλέως
766 1694 806 1725 εἰς
817 1695 904 1730 πέρας

112 1738 227 1772 ἀγαγεῖν
240 1738 412 1774 πρόσταγμα.
430 1739 525 1774 Ἐὐχαὶ
543 1738 592 1773 μὲν
604 1736 649 1765 οὖν
664 1739 712 1765 καὶ
725 1739 817 1774 θρῆνοι
834 1740 905 1766 κατά

112 1783 164 1819 τὴν
180 1783 255 1810 πόλιν
270 1784 408 1818 ἐγίγνοντο
418 1784 464 1811 ἐπὶ
473 1784 588 1815 τούτοις,
600 1784 774 1810 ἱκετευόντων
783 1784 828 1810 τὸν
839 1784 905 1811 Θεὸν

116 1829 155 1864 μὴ
166 1829 327 1855 καταλιπεῖν
339 1829 515 1864 ἀνεκδίκητον
530 1828 578 1863 τὴν
592 1828 709 1864 τόλμαψ
729 1829 814 1864 εἰσῄει
828 1829 855 1856 δὲ
871 1830 904 1864 τῇ

114 1875 199 1910 ἑτέρᾳ
213 1874 250 1906 ὡς
274 1874 309 1901 τὰ
333 1875 463 1911 χρήματα
483 1874 652 1910 ληψόμενος·
670 1875 716 1901 καὶ
729 1876 743 1901 ὁ
764 1875 830 1906 Θεὸς
844 1876 905 1907 ταῖς

116 1920 235 1951 ἱκεσίαις
261 1919 309 1946 τοῦ
331 1921 448 1955 πλήθους
464 1920 618 1952 ἐπινεύσας,
632 1921 677 1947 καὶ
692 1920 739 1946 τοῦ
754 1920 905 1956 ἀρχιερέως

115 1966 166 2001 τὴν
186 1965 326 1992 εὐσέϐειαν
349 1965 558 2000 ἀποδεξάμενος,
576 1965 752 2002 φοϐερωτάτη
774 1966 827 1992 τινὶ
847 1966 906 1992 ἐπι-

117 2011 216 2046 φανείᾳ
243 2010 289 2037 τοῦ
317 2011 490 2046 τολμήματος
512 2011 709 2039 ἁπεσκεύασεν.
737 2011 825 2045 Ὠιρθη
851 2012 905 2046 γὰρ

116 2057 230 2083 εἰσιέναι
256 2057 381 2091 μέλλοντι
399 2057 481 2088 ἵππος
495 2056 539 2083 διὰ
562 2056 608 2083 τοῦ
630 2057 710 2089 ἀέρος
729 2056 843 2092 φοϐερὸς
855 2055 905 2091 μὲν

116 2101 190 2136 ὄψιν,
208 2100 320 2136 φαιδρὸς
344 2100 372 2127 δὲ
397 2099 428 2127 et
453 2101 563 2135 σχῆμα,
582 2099 763 2134 ὲποχοὺμενόν
788 2108 818 2125 τε
836 2098 905 2133 ἔχων

118 2148 188 2183 μετά
198 2147 300 2183 χρυσῆς
318 2147 367 2182 τῆς
377 2146 539 2178 πανοπλίας,
555 2146 584 2177 ὃς
599 2146 646 2172 καὶ
662 2145 731 2180 μετὰ
746 2144 842 2172 πολλοῦ
858 2143 904 2171 τοῦ

117 2193 273 2229 ῥυζήματος
289 2194 350 2224 ταῖς
373 2191 551 2227 ἐμπροσθίαις
568 2191 662 2222 ὁπλαῖς
678 2190 723 2217 τὸν
745 2189 905 2224 Ἡλιόδωρον

116 2239 242 2274 ἐπληξεν.
255 2238 307 2265 Δύο
318 2247 346 2264 τε
358 2238 470 2270 νεανίαι,
486 2238 595 2273 φοόεροὶ
608 2237 655 2263 καὶ
678 2233 751 2263 οὗτοι
767 2236 818 2271 τὴν
830 2236 905 2267 θέαν,

117 2283 235 2316 ἐπίδοξοί
248 2292 277 2310 τε
293 2283 322 2310 τὸ
337 2283 439 2319 σχῆμα,
452 2283 629 2319 περιστάντες
643 2282 766 2309 ἐντεῦθεν
778 2281 904 2308 κάκεῖθεν

118 2330 293 2365 ἐμαστίγουν.
309 2330 364 2356 Καὶ
391 2329 477 2361 οὕτως
500 2329 553 2356 ἀπὺ
578 2329 627 2363 τῆς
650 2328 780 2359 ὀπτασίας
794 2328 903 2355 καὶτῶν

118 2377 232 2412 πληγῶν
249 2376 411 2404 καταπεσὼν
424 2376 506 2411 ἤρθη,
526 2376 624 2411 μικροῦ
651 2375 747 2411 νεκρὸς
763 2376 903 2411 ὑπάρχων.

155 2434 194 2468 (l)
210 2432 347 2461 Theodori
359 2433 544 2468 Mopsuesteni
561 2434 696 2468 prolixum
713 2436 903 2467 argumentum

117 2469 147 2496 in
163 2468 297 2503 psalmum
316 2476 378 2501 xcv,
398 2469 426 2495 in
440 2475 495 2504 quo
506 2468 663 2495 Judzeorum
679 2468 791 2495 historia
808 2475 823 2494 a
840 2472 905 2495 tem-

118 2504 233 2539 poribus
245 2504 412 2538 captivitatis
423 2511 516 2538 usque
529 2504 562 2530 ad
580 2504 744 2530 Antiochum
767 2503 904 2539 illustrem

118 2538 147 2566 et
160 2538 235 2566 Oniaa
251 2538 342 2573 fugam
364 2540 390 2565 in
406 2539 552 2573 {Egyptqu
580 2539 735 2565 summatim
755 2538 905 2572 attingeba-

119 2579 176 2605 tur,
196 2574 335 2601 exstitisse
352 2582 403 2601 ms.
419 2576 489 2608 apud
509 2575 625 2608 Anglmn
646 2573 774 2603 (ὶιιιωιιιη,
794 2576 906 2608 narrant

119 2609 233 2636 Cavmus
248 2613 329 2643 atque
347 2607 501 2640 Fabricius,
521 2607 565 2635 ubi
583 2609 616 2635 de
632 2609 741 2642 scriptis
753 2607 906 2635 doctissimi

121 2643 305 2678 llopsuesteni
334 2652 383 2678 pro
407 2644 529 2684 ipsorum
559 2643 685 2683 instituto
717 2648 810 2684 agunt.
837 2643 906 2684 Ecce

122 2677 212 2705 autem
227 2686 278 2713 ego
294 2677 402 2714 quoque
419 2677 446 2706 id
468 2683 656 2714 argumentum
679 2679 706 2705 in
724 2678 855 2705 Vaticana
871 2677 905 2704 ad

121 2714 284 2741 Psalterium
301 2713 397 2741 eatena
414 2713 512 2742 nactus
528 2721 599 2745 sum.
617 2714 644 2740 in
660 2713 763 2744 codice.
782 2714 904 2748 inquam,

122 2748 153 2776 Β.
171 2748 347 2790 ἰκᾷγΗ-Ξίξξ..
361 2749 450 2790 Simul
463 2754 556 2790 tamen
568 2749 811 2790 cotnpet'i.'err9re
825 2753 905 2790 typo-

123 2783 253 2818 graphico
264 2784 348 2811 scribi
364 2783 436 2819 apud
446 2784 593 2819 prtedictos
603 2782 728 2810 auctores
741 2783 785 2815 45,
800 2790 848 2817 pro
860 2782 905 2814 54,

124 2820 261 2853 perversis
285 2818 583 2854 nempe'numeralibus
605 2820 697 2846 notis:
719 2826 781 2845 naut
803 2825 831 2845 re
847 2818 907 2854 qui;

123 2855 184 2881 dent
198 2861 261 2882 vera
277 2855 328 2882 hoc
337 2858 527 2890 argumentum
541 2862 593 2881 non
607 2861 667 2889 λιν,
686 2853 733 2882 scd
749 2860 792 2880 uv
808 2853 904 2889 psalmi

955 1601 1031 1629 cordi
1047 1605 1107 1627 erat
1126 1600 1197 1634 regis
1218 1599 1376 1626 mandatum
1394 1600 1519 1634 exsequi.
1539 1599 1641 1627 Preces
1657 1601 1742 1639 igitur

955 1655 987 1674 ac
1008 1646 1219 1673 lamentationes
1234 1650 1290 1673 tota
1307 1645 1375 1672 urbe
1389 1649 1468 1672 erant
1483 1646 1621 1673 orantium
1641 1646 1740 1678 Deum,

955 1702 989 1720 ne
1004 1693 1028 1720 is
1045 1701 1129 1720 ausus
1146 1692 1217 1720 foret
1232 1692 1347 1719 inultus.
1366 1691 1436 1719 Ecce
1450 1696 1540 1719 autem
1557 1693 1602 1720 ille
1616 1694 1741 1727 sequenti

955 1740 999 1767 die
1015 1738 1222 1774 ingrediebatur
1235 1737 1378 1773 pecuniam
1395 1742 1574 1772 sumpturus;
1590 1745 1651 1765 cum
1669 1738 1742 1766 Deus

956 1785 1050 1820 populi
1081 1784 1210 1819 precibus
1240 1791 1365 1811 annuens
1395 1791 1428 1810 ac
1456 1783 1594 1818 pontiﬁcis
1612 1784 1740 1819 pietatem

956 1831 1127 1865 respiciens.
1147 1830 1265 1857 terribili
1282 1829 1430 1856 admodum
1448 1829 1554 1857 visione
1572 1829 1680 1857 facinus
1699 1830 1742 1857 in-

956 1875 1057 1902 hibuit.
1082 1875 1219 1910 Apparuit
1246 1875 1318 1902 cnim
1336 1875 1393 1909 jam
1414 1875 1578 1909 ingredienti
1598 1883 1687 1909 equus
1712 1875 1739 1902 in

957 1928 1021 1947 acre
1039 1920 1171 1947 terribilis
1189 1923 1318 1954 aspectu,
1336 1919 1479 1954 splendida
1495 1919 1582 1946 forma
1595 1939 1602 1951 ,
1620 1920 1738 1954 equitem

956 1971 1057 2000 gerens
1076 1972 1158 1992 aurea
1176 1968 1278 1991 tectum
1299 1969 1458 1997 armatura;
1476 1964 1556 1999 isque
1568 1964 1657 1992 valido
1678 1972 1740 1991 cum

957 2012 1059 2045 impetu
1087 2010 1226 2045 prioribus
1246 2010 1370 2037 calcibus
1391 2009 1568 2037 Heliodorum
1589 2011 1739 2045 percussit.

956 2056 1015 2083 Duo
1039 2057 1151 2091 insuper
1172 2057 1304 2091 juvenes.
1325 2056 1440 2083 terribili
1457 2056 1562 2091 pariter
1582 2055 1691 2090 specie,
1708 2062 1741 2083 ac

956 2103 1099 2138 splendido
1130 2107 1248 2135 ornatu,
1270 2102 1380 2138 utrique
1400 2102 1478 2130 lateri
1499 2107 1622 2130 astantes
1647 2101 1739 2129 Helio-

956 2149 1053 2176 dorum
1069 2148 1260 2176 verberabant.
1279 2149 1368 2184 Atque
1383 2148 1420 2175 ita
1439 2152 1496 2175 tum
1514 2155 1546 2174 ea
1562 2147 1667 2175 visione
1682 2151 1740 2175 tum

956 2195 1044 2229 plagis
1072 2198 1284 2226 consternatus,
1313 2194 1462 2221 semivivus
1487 2193 1551 2220 inde
1572 2193 1661 2220 elatus
1688 2198 1739 2220 est.

957 2241 1026 2267 Tum
1042 2247 1106 2267 vero
1121 2239 1258 2268 lleliodori
1276 2239 1392 2267 comites
1406 2239 1504 2267 Oniam
1518 2238 1634 2265 orabant
1645 2258 1652 2269 ,
1668 2239 1740 2273 apud

959 2284 1044 2311 Deum
1062 2284 1272 2312 intercessorem
1287 2284 1361 2317 ﬁeri,
1375 2288 1405 2311 ut
1418 2284 1464 2311 ille
1479 2283 1637 2310 imminente
1654 2288 1742 2310 morte

958 2330 1133 2357 liberaretur.
1142 2329 1219 2362 Quod
1231 2329 1304 2357 illico
1314 2329 1417 2357 iaciens
1427 2328 1522 2362 Onias,
1532 2327 1668 2355 sacriﬁcio
1681 2328 1743 2363 ejus

959 2376 1045 2410 gratia
1061 2375 1163 2408 oblato,
1179 2375 1315 2403 hominem
1331 2374 1491 2402 inﬁrmitate
1504 2374 1662 2409 expedivit,
1684 2374 1740 2402 Deo

956 2436 1018 2466 est;
1038 2432 1110 2467 quod
1128 2440 1162 2459 ne
1182 2432 1286 2467 diutius
1302 2432 1401 2463 lateat,
1420 2432 1492 2467 typis
1515 2431 1575 2458 sine
1590 2439 1666 2458 mora
1689 2432 1742 2459 im-

957 2466 1076 2501 primere
1093 2467 1212 2495 decrevi.
1237 2466 1333 2495 Nobile
1353 2467 1454 2502 quippe
1480 2466 1660 2502 fragmentum
1688 2471 1741 2499 est,

958 2504 1029 2529 inter
1048 2503 1165 2537 plurima
1188 2510 1249 2537 qua:
1273 2503 1394 2529 auctoris
1418 2502 1499 2535 hujus
1515 2501 1650 2535 vulganda
1677 2502 1741 2528 mihi

958 2541 1124 2572 supersunt:
1141 2545 1190 2565 nec
1206 2543 1259 2564 tam
1274 2538 1372 2564 merito
1395 2537 1539 2568 historico,
1561 2540 1653 2570 utpote
1669 2537 1695 2563 in
1715 2544 1743 2563 re

958 2571 1127 2608 pervulgata,
1153 2572 1369 2608 commendatur,
1389 2579 1469 2608 quam
1485 2572 1562 2608 quia
1575 2571 1744 2608 hincdenuo

958 2605 1160 2642 cognoscimus,
1180 2607 1317 2642 quomodo
1333 2605 1509 2642 fainigeratus
1525 2605 1742 2642 SSLBiblioruIn

956 2640 1091 2678 interpres
1106 2640 1266 2678 Theodorus
1287 2642 1321 2669 ab
1332 2640 1445 2670 historia
1459 2640 1565 2678 Veteris
1576 2640 1743 2678 Testamenti

957 2677 991 2704 ad
1008 2676 1053 2705 res
1062 2677 1130 2705 Novi
1145 2677 1279 2708 Fcederis,
1295 2682 1378 2712 atquc
1393 2677 1427 2704 ad
1443 2676 1571 2703 vaticinia
1581 2677 1616 2712 de
1631 2676 1744 2712 Christo

958 2714 1076 2740 transire
1099 2713 1197 2741 solitus
1215 2712 1315 2740 fuerit:
1335 2711 1422 2747 ’quam
1443 2719 1499 2738 rem
1518 2712 1545 2738 in
1561 2711 1622 2745 ejus
1637 2711 1744 2745 integro

957 2748 1039 2774 etiam
1071 2749 1104 2774 ad
1134 2747 1179 2775 Xll
1217 2748 1363 2782 prophetas
1392 2747 1511 2774 minores
1533 2747 1742 2782 c0n_1_t_nent_ario,

958 2790 1039 2817 quem
1052 2790 1102 2810 nos
1120 2784 1184 2810 olim
1202 2779 1338 2810 edidimus
1354 2782 1450 2814 Script.
1475 2787 1522 2817 ret.
1540 2786 1559 2807 t.
1577 2779 1636 2817 Vl,_
1649 2780 1744 2807 obser-

958 2815 1091 2880 mre‘gpn
1105 2819 1188 2846 semel
1202 2819 1287 2846 licuit.
1305 2817 1370 2850 MM,
1391 2816 1517 2844 Bibliolh.
1537 2824 1603 2843 νισι-α
1618 2815 1741 2847 Patrum,

995 2872 1002 2880 .
1054 2861 1079 2880 ι).

995 2872 1002 2886 ,
1018 2861 1079 2881 Inoo.
