3834 6224
387 223 490 276 θ’ἰῦ

1570 214 1919 271 Τιιεουοῐιι
1957 215 2440 274 MOPSUESTENI

3541 212 3638 266 (ετίί

387 337 490 407 ipsi
521 342 842 406 apparente,
875 335 1184 405 multasque
1215 333 1423 406 gratias
1451 334 1694 404 pentiliei
1728 335 1960 390 reddere

2078 338 2288 406 Serpsit;
2315 337 2452 405 ὺπέρ
2477 334 2679 387 τούτων
2708 336 2838 404 πρὸς
2872 334 2958 385 τιν
2991 333 3168 392 Ὀνίαν
3197 332 3474 399 ἐγίγνοντο
3499 332 3640 399 πιρᾶ

389 429 630 495 iubente.
671 428 762 482 Sic
803 429 892 482 ille
947 435 1235 489 servatus,
1281 427 1484 483 oblatis
1522 427 1632 482 Deo
1681 429 1957 494 victimis,

389 519 455 572 ad
491 535 670 589 regem
702 535 956 574 reversus
984 528 1096 582 est,
1129 535 1252 589 qua:
1282 519 1736 576 sibiaccidcrant
1771 535 1964 576 narra-

389 622 567 664 turus.
604 609 721 664 Non
764 623 946 664 tamen
986 609 1202 664 destitit
1237 625 1268 663 a
1306 625 1406 665 sua
1448 611 1692 680 nequitia
1731 610 1958 677 Simon,

390 715 565 769 neque
595 714 624 752 a
655 699 950 754 calumniis
980 707 1174 754 contra
1204 699 1395 753 Oniam
1427 700 1710 756 struendis
1737 718 1749 754 :
1791 700 1866 754 ita
1901 708 1961 755 ut

390 790 477 844 hic
510 789 576 843 ad
614 804 793 858 regem
831 788 1153 859 profectus,
1193 797 1248 844 et
1291 789 1714 846 criminationes
1748 791 1856 846 sibi
1892 792 1962 845 il-

390 881 528 934 latas
560 882 915 950 cognoverit,
951 889 1006 936 et
1039 881 1203 936 simul
1241 881 1445 952 populo
1479 882 1735 938 idoneam
1769 896 1958 952 pacem

389 972 791 1028 conciliaverit.

2065 429 2171 481 τῶν
2221 428 2485 481 συνόντων
2525 426 2610 495 τῷ
2639 425 2979 496 Ἰιλιοδώρῳ,
3026 423 3300 477 ἱκετεῦσαι
3346 422 3437 473 τὸν
3488 420 3639 478 Θεέτ,

2065 517 2394 588 χαρίσασθαι
2444 516 2592 586 αὐτῷ
2639 515 2734 568 τοῦ
2791 515 3242 585 προσδοκωμένου
3271 512 3500 567 θανάτου
3547 512 3643 579 τὴν

2064 608 2406 678 ἀπαλλαγήν.
2437 609 2501 660 Ὃ
2526 609 2620 661 καὶ
2661 609 2888 677 ποιήσας
2919 609 2946 660 ό
2993 607 3169 670 Ὀνίας
3203 605 3386 668 εὐθὺς,
3417 605 3514 657 καὶ
3549 602 3634 655 θυ-

2067 700 2184 764 σίας
2217 697 2580 770 προσαγαγὼν
2605 699 2744 769 ὑπὲρ
2765 698 2950 762 αὑτοῦ,
2970 696 3244 762 ἀπήλλαξε
3267 698 3365 766 τῆς
3388 692 3648 763 κατεχού-

2067 808 2165 861 σης
2199 790 2356 842 νόσου
2383 806 2396 818 ·
2433 788 2788 857 ἐπιφανέντος
2809 804 2869 839 τε
2899 786 3049 856 αὐτῷ
3079 784 3174 839 τοῦ
3201 782 3358 845 Θεοῦ,
3395 782 3488 835 καὶ
3523 780 3649 832 πολ·-

2068 878 2164 941 λάς
2201 878 2343 947 ἔχειν
2377 876 2606 947 χάριτας
2647 874 2724 946 τῷ
2762 876 3009 944 ἀρχιερεῖ
3074 869 3645 945 παρακελευσαμένου.

2068 969 2227 1024 Οὕτω
2275 967 2564 1030 διασωθεὶς
2603 967 2699 1020 καὶ
2730 967 2918 1029 θυσίας
2960 963 3036 1035 τῷ
3079 963 3201 1034 Θεῴ
3231 961 3648 1035 προσκομίσας,

390 1065 692 1137 ἐπανῆλθεν
735 1064 871 1136 πρὸς
905 1064 998 1116 τὸν
1037 1063 1258 1134 βασιλέα
1286 1065 1676 1137 διηγησόμενος
1707 1065 1775 1119 τὰ
1804 1064 2064 1133 γεγονότα
2086 1078 2099 1092 ⁸
2133 1061 2247 1115 ἀλλ’
2269 1062 2370 1114 οὐκ
2389 1060 2654 1129 ἀφίστατο
2683 1059 2782 1128 τῆς
2815 1059 3018 1121 οἰκείας
3047 1057 3348 1129 μοχθηρίας
3381 1058 3409 1109 ὁ
3447 1055 3649 1125 Σίμων,

391 1156 700 1227 παρέμενεν
731 1156 787 1209 δὲ
812 1154 1034 1220 πολλαῖς
1060 1157 1181 1211 κατ’
1204 1157 1367 1212 αὐτοῦ
1397 1160 1734 1231 κεχρημένος
1757 1158 2063 1220 διαϐολαῖς·
2091 1157 2185 1210 καὶ
2211 1157 2299 1210 διά
2321 1155 2480 1208 τοῦτο
2505 1154 2696 1225 μέχρις
2727 1153 2820 1206 τοῦ
2844 1152 3108 1222 βασιλέως
3140 1151 3316 1214 Ὀνίας
3337 1150 3649 1219 γενόμενος,

391 1248 530 1317 ἔγνω
560 1249 659 1310 τὰς
689 1250 808 1301 κατ’
828 1247 991 1301 αὐτοῦ
1024 1249 1201 1314 πάσας
1231 1250 1504 1313 διαϐολάς,
1529 1251 1670 1304 ὥστε
1707 1250 1797 1303 καὶ
1827 1249 1907 1319 τῷ
1936 1248 2080 1303 ἔθνει
2112 1248 2469 1319 περιποιῆσαι
2499 1247 2596 1318 τὴν
2634 1247 3021 1316 προσήκουσαν
3052 1243 3300 1313 εἰρήνην.

461 1338 586 1393 llasc
624 1338 752 1391 dum
796 1347 982 1408 ageret
1020 1338 1191 1394 Onias
1217 1379 1232 1404 ,
1271 1339 1537 1395 Seleucus
1574 1343 1834 1402 moritur,
1868 1353 1960 1393 re-

391 1445 667 1498 gnumque
701 1429 993 1498 occupavit
1025 1429 1332 1486 Antiochus
1367 1428 1638 1496 lllustris;
1671 1430 1760 1484 cui
1793 1427 1962 1484 Jason

391 1521 651 1589 quidam,
685 1518 838 1573 Oniaa
875 1518 1066 1584 frater,
1103 1521 1388 1590 pecuniam
1435 1521 1724 1590 plurimam
1765 1535 1825 1576 se
1863 1521 1962 1575 da-

392 1619 575 1664 turum
611 1609 943 1679 spopondit,
977 1611 1020 1665 si
1058 1613 1438 1680 pontiﬁcatum
1473 1611 1591 1681 ipse
1623 1611 1964 1682 impetraret.

394 1704 516 1755 Alia
568 1702 794 1772 insuper
836 1703 980 1756 dona
1028 1703 1264 1772 plurima
1311 1702 1612 1767 oﬂ‘erebat,
1645 1704 1692 1760 si
1743 1717 1970 1775 gymna-

2143 1335 2286 1390 ΙἈλλ’
2310 1338 2369 1390 ὲν
2414 1335 2624 1398 τούτοις
2669 1335 2822 1397 ὄντος
2873 1332 2968 1386 τοῦ
3043 1332 3238 1396 Ὀνίου,
3279 1329 3501 1398 τελευτᾷ
3553 1330 3652 1398 μὲν

2065 1429 2095 1482 ό
2138 1427 2416 1491 Σέλευκος,
2451 1424 2862 1496 παραλαμϐάνει
2894 1423 2951 1476 δὲ
2995 1423 3092 1493 τὴν
3142 1415 3416 1490 βασιλείαν
3451 1421 3478 1470 ὁ
3505 1419 3651 1502 Ἐπι-

2070 1519 2243 1590 φανὴς
2297 1517 2606 1588 Ἀντίοχος,
2651 1517 2736 1586 ἐφ’
2783 1508 2843 1568 οὗ
2898 1514 3084 1567 Ἰάσων
3137 1527 3222 1574 τις
3275 1509 3500 1577 ἀδελφὸς
3555 1507 3651 1560 τοῦ

2085 1611 2257 1666 Ὀνίου
2291 1609 2461 1679 ἔφησε
2496 1608 2708 1662 πολλῶν
2757 1607 3055 1678 χρημάτων
3096 1601 3353 1674 πρόσοδον
3379 1599 3457 1670 τῷ
3497 1600 3650 1670 βασι·

2072 1703 2156 1757 λεῖ
2201 1701 2492 1775 προσάξαι,
2535 1702 2584 1754 εί
2612 1700 2830 1754 λάϐοιτο
2872 1698 2972 1768 τῆς
3005 1694 3416 1767 ἀρχιερωσύνης
3449 1693 3610 1754 αὐτός
3637 1709 3646 1718 ·

394 1795 538 1850 sium
577 1794 630 1848 in
663 1793 800 1849 urbe
828 1803 1076 1860 struere,
1120 1795 1601 1850 circumcisionem
1641 1796 1967 1866 antiquare,

2078 1790 2264 1848 δώσειν
2289 1791 2348 1846 δὲ
2376 1793 2469 1845 καὶ
2494 1791 2657 1862 ἔτερα
2682 1789 2923 1851 πλείονα,
2957 1788 3004 1840 εἰ
3028 1787 3121 1838 καὶ
3160 1783 3460 1853 γυμνάσιον
3491 1799 3654 1834 κατα-

394 1900 558 1957 atquc
600 1887 828 1941 omnino
863 1886 1000 1957 legis
1031 1901 1165 1943 usus
1200 1887 1422 1942 abolere
1466 1887 1572 1947 sibi
1619 1889 1972 1958 permittere-

393 1987 505 2033 tur.
549 1978 646 2032 llis
685 1978 974 2048 promissis
1010 1993 1312 2049 persuasus
1350 1977 1692 2042 Antiochus,
1733 1977 1972 2049 dignita-

394 2080 500 2123 tem
536 2069 610 2123 illi
650 2070 906 2124 contulit.
945 2067 1114 2140 Igitur
1148 2068 1317 2126 Onias
1348 2055 1576 2139 quidem
1617 2070 1972 2140 religiosissi-

395 2176 516 2215 mus
537 2176 601 2215 ac
617 2159 962 2228 iustissimus
979 2160 1083 2224 vir,
1101 2169 1492 2216 exauctoratus
1510 2161 1660 2232 ponti
1670 2163 1832 2215 licatu
1857 2171 1969 2226 est;

390 2249 558 2305 Jason
583 2259 763 2305 autem
789 2249 1098 2305 sacerdotio
1120 2249 1284 2306 simul
1311 2259 1367 2306 et
1391 2250 1700 2321 principatu
1727 2251 1935 2320 potitus
1952 2291 1971 2318 ,

393 2341 575 2395 statim
601 2340 668 2394 ad
692 2340 944 2394 ethnicos
971 2355 1152 2395 mores
1179 2354 1474 2411 aggressus
1503 2348 1588 2394 est
1613 2336 1832 2396 Judaaos
1857 2348 1972 2395 trav

393 2433 614 2495 ducere,
639 2441 692 2487 et
714 2431 1056 2504 gymnasium
1083 2445 1281 2502 praeter
1306 2431 1588 2486 Iudaicam
1615 2433 1973 2488 consuetudi-

395 2540 517 2579 nem
555 2524 874 2578 zediﬁeavit:
896 2531 950 2578 et
973 2523 1142 2594 legem
1169 2523 1461 2578 immutare
1483 2539 1736 2594 pergens,
1758 2524 1974 2580 cuni-tis

395 2631 425 2668 a
455 2613 546 2670 Dei
581 2613 730 2667 cultu
761 2612 1158 2683 prmccptisque
1187 2611 1454 2682 legalibus
1485 2611 1744 2668 recedere
1770 2611 1972 2668 suade-

398 2705 520 2768 bat,
548 2713 708 2774 atque
729 2702 1078 2757 ethnicorum
1114 2717 1294 2758 mores
1326 2703 1628 2772 suscipere,
1653 2704 1938 2773 gymnasia
1957 2742 1972 2767 ,

397 2795 718 2864 palmstras,
753 2783 807 2847 ct
841 2792 945 2846 alia
982 2792 1295 2863 hujusmodi
1337 2793 1705 2864 frequentare.
1743 2793 1975 2865 Jamque

396 2885 754 2942 omittebatur
787 2883 1138 2939 circumcisio
1165 2923 1180 2948 ,
1221 2885 1575 2940 sabbatorum
1618 2887 1974 2940 observantia

399 2977 803 3046 negligebatur,
844 2975 1261 3046 generatimque
1300 2976 1577 3032 ethnicam
1623 2976 1854 3030 fortnam
1897 2979 1975 3031 ei-

307 3147 312 3152 ,
398 3070 540 3123 vitas
571 3068 852 3122 induebat.
889 3064 1017 3120 Ilaec
1047 3066 1238 3122 videns
1276 3069 1466 3123 beatus
1495 3067 1665 3122 Onias
1694 3067 1787 3122 diu
1823 3070 1935 3123 ﬁeri
1958 3111 1970 3135 ,
2002 3103 2044 3162 α

399 3158 700 3230 augebatur
724 3160 928 3226 animo,
961 3160 1166 3215 ferebat
1193 3160 1500 3229 aegerrime,
1534 3173 1597 3214 ac
1627 3159 1969 3229 deplorabat.

398 3250 539 3306 Malo
568 3258 750 3306 autem
781 3251 1026 3321 quotidie
1070 3251 1522 3320 ingravescente,
1575 3251 1764 3306 urbem
1811 3252 1972 3307 dere-

398 3345 589 3413 liquit,
621 3353 786 3414 atque
822 3345 874 3398 in
906 3342 1205 3414 Egyplum
1235 3341 1514 3412 profectus
1547 3343 1718 3397 altare
1749 3343 1823 3396 ibi
1856 3359 1976 3398 ere-

396 3438 508 3500 xit,
547 3438 808 3506 templum
845 3435 1168 3498 adornavit,
1211 3434 1495 3504 divinique
1539 3433 1614 3488 ibi
1659 3434 1842 3490 cultus
1873 3450 1973 3490 cu-

395 3542 513 3580 ram
545 3528 753 3598 gessit,
791 3526 995 3582 Judaeis
1037 3527 1309 3596 indigenis
1350 3527 1404 3580 in
1447 3527 1533 3582 his
1573 3542 1692 3596 qum
1731 3528 1796 3581 ad
1840 3529 1972 3583 reli-

397 3619 609 3687 gionem
639 3619 914 3688 pertinent
945 3619 1311 3674 ministerium
1351 3634 1510 3672 suum
1547 3621 1930 3673 connnodans.

2074 1885 2389 1940 σκευάσειεν
2426 1885 2484 1938 ἐν
2529 1885 2597 1954 τῇ
2633 1883 2822 1943 πόλει,
2855 1882 2948 1934 καὶ
2985 1879 3084 1950 τὴν
3129 1876 3429 1948 περιτομὴν
3475 1870 3655 1928 αὐτῶν

2072 1977 2307 2041 λύσειεν,
2341 1975 2438 2032 καὶ
2473 1975 2610 2040 ὅλως
2649 1972 2936 2040 ἐξαλλάξαι
2965 1972 3033 2024 τὰ
3061 1971 3268 2041 νόμιμα
3302 1965 3650 2037 συγχωρηθῇ.

2086 2068 2343 2137 Ἐπείσθη
2387 2066 2596 2130 τούτοις
2650 2068 2762 2128 τοῖς
2814 2067 3053 2135 ῥήμασι,
3091 2059 3424 2132 παραδίδωσί
3453 2075 3512 2110 τε
3561 2058 3655 2109 αξη

2073 2159 2152 2230 τῷ
2195 2159 2293 2231 τὴν
2337 2159 2533 2229 ἀρχήν.
2581 2157 2690 2211 Καὶ
2723 2159 2750 2211 ό
2786 2157 2884 2227 μὲν
2939 2155 3114 2217 Ὀνίας
3167 2149 3555 2212 εύσεϐέστατός
3598 2164 3654 2200 τε

2074 2250 2171 2303 καὶ
2226 2250 2562 2313 δικαιότατος
2615 2248 2691 2302 ῶν
2739 2249 2914 2319 ἀνὴρ,
2949 2247 3052 2312 ἔξω
3099 2245 3198 2316 τῆς
3249 2241 3655 2315 ἀρχιερωσύνης

2075 2341 2343 2413 κατέστη·
2378 2341 2407 2395 ὁ
2450 2341 2509 2394 δὲ
2550 2341 2772 2406 Ἰάσων,
2804 2341 2902 2410 τῆς
2956 2356 3014 2392 τε
3058 2335 3356 2408 ἱερωσύνης
3412 2333 3506 2387 καὶ
3559 2334 3658 2401 τῆς

2076 2433 2324 2500 ἐξουσίας
2378 2433 2808 2502 ἐπιλαϐόμενος,
2845 2430 3007 2494 εὐθὺς
3056 2429 3150 2481 ἐπὶ
3203 2427 3294 2480 τὸν
3348 2425 3656 2495 Ἑλληνικὸν

2076 2526 2402 2597 χαρακτῆρα
2432 2526 2738 2596 μετήγαγεν
2770 2527 2894 2586 τοὺς
2931 2522 3238 2585 Ἰουδαίους,
3273 2517 3573 2590 γυμνάσιόν
3601 2533 3656 2568 τε

2077 2617 2481 2671 κατεσκεύασεν
2527 2617 2680 2690 παρὰ
2709 2617 2768 2671 τὸ
2791 2613 3100 2669 ’Ἰουδαϊκὸν
3146 2613 3264 2676 ἔθος
3287 2628 3299 2640 ⁸
3341 2611 3435 2664 καὶ
3462 2609 3530 2663 τὰ
3574 2608 3659 2660 νό-

2080 2729 2222 2781 μιμα
2276 2710 2331 2763 δὲ
2383 2710 2672 2778 ἐξαλλάξαι
2719 2709 3188 2780 παρασκευάσας,
3249 2705 3492 2764 ἃπαντας
3559 2701 3658 2769 μὲν

2077 2802 2283 2856 ἀνελεῖν
2318 2803 2417 2872 τῆς
2445 2803 2524 2865 είς
2561 2802 2651 2855 τὸν
2683 2801 2814 2854 Θεὸν
2843 2799 3137 2870 θεραπείας
3180 2798 3273 2850 καὶ
3315 2796 3422 2847 τῶν
3447 2792 3541 2846 τοῦ
3572 2793 3659 2844 νό-

2081 2911 2182 2963 μου
2215 2893 2651 2965 προσταγμάτων
2683 2893 2917 2956 ἔπεισεν,
2950 2890 3239 2961 προσέχειν
3267 2888 3323 2941 δὲ
3345 2887 3453 2949 τοῖς
3481 2884 3658 2936 ἔθεσιν

2077 2988 2185 3048 τοῖς
2231 2985 2591 3056 Ἑλληνικοῖς,
2635 2985 2978 3055 γυμνασίοις,
3019 2983 3112 3035 καὶ
3150 2979 3532 3047 παλαίστραις,
3567 2975 3659 3027 καὶ

2076 3080 2188 3141 τοῖς
2211 3077 2473 3145 τοιούτοις
2506 3094 2519 3107 ·
2561 3077 2816 3147 ἠμελεῖτο
2849 3075 2904 3127 δὲ
2936 3074 3118 3127 λοιπὸν
3146 3072 3238 3126 καὶ
3268 3071 3334 3125 τὰ
3363 3069 3461 3140 τῆς
3501 3085 3657 3138 περι-

2078 3171 2271 3241 τομῆς,
2318 3173 2704 3241 κατεφρονεῖτο
2739 3169 2832 3222 καὶ
2863 3168 2969 3222 τῶν
3007 3165 3293 3220 σαϐϐάτων
3325 3165 3358 3234 ἡ
3401 3163 3657 3233 τήρησις.

2079 3261 2172 3314 καὶ
2205 3260 2339 3320 ὅλως
2376 3263 2455 3322 εἰς
2512 3260 2822 3330 Ἑλληνικὸν
2864 3260 3050 3329 σχῆμα
3083 3257 3151 3311 τὰ
3181 3255 3323 3309 κατὰ
3373 3253 3472 3324 τὴν
3504 3253 3658 3304 πόλιν

2082 3352 2401 3422 μετέπεσεν.
2432 3351 2618 3407 Ταῦτα
2650 3353 2793 3423 ὁρῶν
2821 3353 2848 3405 ό
2883 3351 3153 3422 μακάριος
3189 3347 3364 3410 Ὀνίας
3396 3346 3490 3398 ἐπὶ
3525 3344 3656 3397 πολὺ

2078 3445 2355 3514 γινόμενα,
2392 3444 2592 3514 ἠθύμει
2626 3445 2720 3498 καὶ
2767 3443 3065 3513 ἠγανάκτει
3107 3442 3201 3494 καὶ
3235 3438 3517 3502 ἐστέναξεν
3538 3452 3550 3464 ·
3584 3437 3658 3496 ὡς

2077 3530 2134 3583 δὲ
2182 3533 2276 3584 καὶ
2315 3532 2604 3602 προϐαῖνον
2633 3532 2779 3604 ἐώρα
2811 3532 2872 3586 τὸ
2901 3532 3090 3594 κακὸν,
3111 3527 3422 3583 καταλιπὼν
3456 3525 3659 3596 ἀνεχώ-

2079 3640 2264 3693 ρησεν,
2296 3625 2385 3676 καὶ
2413 3626 2491 3688 είς
2521 3623 2616 3696 τὴν
2637 3627 2907 3692 Αἴγυπτον
2939 3624 3232 3693 καλῶν(ίια
3278 3622 3444 3687 6011.),
3477 3619 3659 3671 θυσια-

397 3713 493 3780 στή
505 3711 612 3781 ριόν
634 3727 692 3762 τε
713 3708 968 3780 ἐπήξατο,
1003 3711 1097 3762 καὶ
1127 3709 1251 3763 ναὸν
1273 3709 1696 3774 κατεσκεύασεν,
1733 3709 1827 3762 καὶ
1856 3713 1952 3780 τῆς
1988 3712 2065 3776 εἰς
2100 3715 2191 3768 τὸν
2215 3716 2346 3769 Θεὸν
2380 3715 2657 3778 εὐσεϐείας
2687 3716 3078 3787 ἐπεμελήσατο,
3104 3716 3216 3777 τοῖς
3239 3716 3354 3766 ἐκεῖ
3389 3712 3659 3775 Ἰουδαίοις

395 3802 462 3856 τὰ
482 3801 670 3855 δέοντα
693 3801 819 3872 περὶ
841 3800 940 3870 τὴν
966 3798 1058 3852 τοῦ
1083 3798 1216 3852 Θεοῦ
1249 3798 1544 3867 θεραπείαν
1575 3799 1981 3868 ὑποτιθέμενος.

467 3893 591 3947 llaec
619 3893 811 3948 beatus
843 3890 1008 3946 David
1042 3899 1314 3961 praesente
1343 3890 1556 3959 psalmo
1587 3889 1961 3954 vaticinatur;

397 3992 785 4051 assumptaqne
817 3981 970 4036 Onize
1005 3995 1238 4051 persona
1273 3995 1335 4033 ea
1384 3979 1553 4043 dicit;
1589 3995 1709 4050 qua:
1742 3979 1852 4035 dici
1900 3981 1969 4034 ab

397 4076 490 4128 illo
521 4073 810 4142 oportebat
847 4074 942 4143 qui
983 4073 1216 4126 insidias
1255 4087 1284 4125 a
1327 4073 1445 4127 suis
1489 4086 1690 4142 passus
1728 4081 1884 4136 erat,
1915 4080 1970 4125 et

398 4164 466 4218 ab
491 4162 746 4217 Antiochi
795 4163 1126 4218 satellitibus
1158 4163 1473 4218 saccrdmio
1499 4163 1768 4232 dejectus,
1795 4172 1849 4218 et
1875 4163 1970 4233 qui

397 4256 468 4310 ob
494 4255 796 4310 incolarum
831 4255 984 4310 urbis
1010 4255 1349 4326 nequitiam,
1383 4263 1774 4325 postremoque
1803 4255 1873 4308 ob
1898 4255 1974 4307 ir-

2149 3894 2332 3948 Ταῦτα
2355 3896 2382 3946 ό
2410 3895 2676 3965 μακάριος
2707 3893 3037 3965 προφητεύει
3066 3892 3229 3945 Δαϐὶδ
3251 3892 3307 3945 ἐν
3333 3891 3410 3962 τῷ
3432 3889 3658 3960 παρόντι

2076 3985 2274 4055 ψαλμῴ
2299 4001 2311 4014 °
2340 3987 2432 4039 καὶ
2469 3987 2526 4038 τὸ
2545 3985 2635 4038 τού
2653 3987 2823 4038 Ὀνίου
2853 3986 3139 4056 πρόσωπον
3163 3983 3468 4046 ἀναλαϐὼν,
3490 3982 3659 4036 ταῦτα

2081 4077 2398 4144 ἐφθέγγετο,
2439 4079 2538 4129 ὅσοι
2578 4078 2721 4140 εἰκὸς
2751 4073 2818 4147 ἧν
2842 4077 3018 4145 λέγειν
3045 4079 3272 4140 ἐκεῖνον,
3316 4075 3658 4128 ἐπιϐουλευό-

2088 4188 2246 4239 μενον
2274 4171 2377 4222 ὑπὸ
2404 4171 2511 4223 τῶν
2540 4171 2776 4234 οἰκείων,
2811 4170 3204 4239 ἐκϐαλλόμενον
3235 4169 3332 4239 τῆς
3363 4169 3659 4238 ἱερωσύνης

2083 4263 2187 4314 ὑπὸ
2210 4263 2316 4315 τῶν
2353 4263 2620 4332 Ἀντιόχου
2642 4280 2655 4294 ι
2688 4261 2906 4333 ὁρῶντα
2933 4261 3030 4331 τὴν
3068 4261 3363 4331 μοχθηρίαν
3395 4260 3503 4312 τῶν
3541 4261 3660 4312 τότε

397 4347 775 4417 religiosorum
801 4347 1002 4401 civium
1032 4347 1464 4417 praepotentiam,
1486 4349 1740 4418 legalium
1766 4348 1968 4402 rituum

2081 4353 2179 4422 τὴν
2210 4353 2366 4406 πόλιν
2387 4353 2699 4417 οἰκούντων,
2736 4353 2824 4406 διά
2850 4371 2906 4405 τε
2939 4353 3035 4415 τὰς
3064 4354 3121 4404 ἐν
3161 4352 3298 4422 αὐτῇ
3326 4351 3657 4416 πλεονεξίας,

397 4439 788 4502 abolitionem,
820 4455 1148 4509 semperque
1181 4449 1401 4494 auctam
1439 4441 1707 4495 malorum
1741 4441 1973 4504 molem,

397 4545 458 4586 se
507 4531 562 4585 in
615 4531 780 4600 pedes
830 4531 1080 4586 dederat.
1138 4532 1444 4602 Caeteroqui
1499 4533 1647 4587 hunc
1701 4533 1974 4603 psalmum

397 4620 567 4676 David
596 4621 761 4678 Saule
801 4622 1107 4677 insectante
1143 4624 1492 4692 composuit,
1529 4640 1654 4676 eum
1691 4622 1845 4678 exsul
1891 4637 1977 4677 es-

398 4722 480 4765 set
509 4720 562 4766 et
592 4711 808 4767 deserta
829 4711 949 4765 loca
977 4711 1222 4767 incolere
1243 4723 1490 4767 coactus.
1524 4711 1778 4766 Prmdicit
1809 4713 1977 4768 simul

395 4801 710 4858 Judaeornm
743 4818 964 4874 quoque
995 4804 1260 4858 adversus
1309 4802 1660 4859 Servatorem
1707 4804 1938 4859 insidias
1962 4843 1976 4867 ,

397 4908 559 4966 atque
583 4895 636 4950 in
665 4911 723 4951 se
757 4896 875 4966 ipso
897 4895 1109 4950 Domini
1141 4897 1447 4967 passionem
1475 4906 1600 4952 ante
1630 4907 1846 4967 tempus
1877 4898 1976 4954 de-

396 4991 607 5046 scribit.
632 4988 753 5060 lpse
773 4990 918 5044 enim
943 5005 972 5043 a
997 4987 1184 5053 Saule,
1219 4990 1309 5044 cui
1343 4989 1707 5054 benefecerat,
1727 4991 1973 5059 exagitao

396 5091 513 5140 tus.
546 5092 600 5138 et
631 5083 699 5136 ab
730 5083 936 5152 aliquot
967 5081 1331 5136 familiaribus
1360 5082 1613 5151 proditus
1634 5124 1648 5146 ,
1683 5081 1973 5135 Dominum

395 5171 739 5244 spiritalibus
795 5172 974 5226 oculis
1027 5172 1363 5241 praevidebat
1413 5172 1602 5227 eadem
1651 5186 1970 5241 passurum.

392 5264 688 5335 Pmpterea
719 5265 883 5318 etiam
921 5264 1206 5333 inscriptio
1239 5266 1292 5318 in
1322 5265 1479 5333 linem
1523 5264 1591 5318 ad
1640 5279 1728 5318 res
1772 5263 1969 5333 praedi-

391 5365 508 5412 ctas
539 5356 796 5410 lectorem
831 5358 1195 5420 transmittit,
1231 5358 1622 5426 sapienterque
1665 5356 1830 5410 dictis
1886 5362 1969 5407 at-

391 5448 616 5503 tendere
652 5457 838 5502 monet
859 5488 872 5511 ,
901 5463 1000 5503 ceu
1035 5448 1354 5518 prophetico
1387 5464 1554 5503 sensu
1583 5448 1695 5501 illic
1724 5448 1927 5502 latente
1948 5486 1963 5508 ,

391 5542 483 5608 qui
523 5555 622 5594 suo
659 5548 907 5610 tempore
935 5541 1003 5596 ad
1038 5539 1198 5596 linem
1231 5539 1587 5596 deducendus
1627 5551 1765 5594 erat.
1817 5540 1970 5593 Insu-

393 5648 488 5699 per
519 5632 606 5686 hic
638 5632 881 5701 psalmus
915 5633 1056 5688 inter
1089 5635 1319 5704 hymnos
1349 5648 1570 5702 quoque
1623 5641 1968 5695 numeratur,

2083 4445 2176 4496 καὶ
2216 4445 2315 4515 τὴν
2345 4443 2452 4497 τῶν
2503 4447 2748 4515 νομίμων
2782 4445 3106 4512 ἐναλλαγὴν,
3147 4445 3240 4497 καὶ
3267 4445 3362 4515 τὴν
3399 4446 3660 4498 ἑκάστοτε

2080 4537 2372 4606 γινομένην
2403 4537 2509 4588 τῶν
2558 4538 2742 4590 κακῶν
2777 4539 3046 4603 ἐπίτασιν,
3071 4537 3170 4608 ἤδη
3201 4538 3296 4591 καὶ
3328 4537 3457 4609 περὶ
3484 4541 3661 4608 φυγῆς

2082 4627 2486 4696 βουλευόμενον.
2523 4629 2723 4697 Εἶρηκε
2762 4629 2859 4698 μὲν
2918 4629 3007 4680 τὸν
3058 4628 3272 4699 ψαλμὸν
3317 4631 3346 4682 ὁ
3391 4630 3660 4700 μακάριος

2081 4719 2262 4781 Δαϐὶδ,
2298 4719 2402 4771 ὑπὸ
2451 4718 2545 4771 τού
2595 4721 2766 4772 Σαοὺλ
2795 4719 3139 4790 διωκόμενος,
3176 4721 3270 4774 καὶ
3319 4722 3663 4791 μετανάστης

2081 4809 2388 4878 γενόμενος,
2419 4811 2475 4860 ἐν
2505 4813 2697 4880 ἐρήμῳ
2721 4830 2778 4862 τε
2800 4812 3005 4878 διάγειν
3031 4811 3472 4881 ἀναγκαζόμενος
3494 4829 3505 4841 ⁸
3533 4831 3664 4883 προ-

2080 4902 2323 4968 θεσπίζει
2353 4905 2409 4956 δὲ
2444 4905 2581 4957 κατὰ
2605 4904 2798 4956 ταύτδν
2837 4905 2929 4956 καὶ
2956 4904 3054 4968 τὰς
3079 4905 3186 4958 τῶν
3229 4906 3494 4958 Ἰουδαίων
3523 4908 3664 4959 κατὰ

2076 4993 2171 5047 τοῦ
2211 4996 2463 5067 Σωτῆρος
2505 4995 2819 5059 ἐπιϐουλάς,
2848 4996 2941 5048 καὶ
2973 4998 3030 5048 ἐν
3059 4995 3238 5066 ἐαυτῷ
3262 4996 3664 5066 προδιαγράφει

2075 5085 2145 5139 τὰ
2171 5086 2263 5139 τοῦ
2294 5087 2562 5139 Δεσπότου
2595 5087 2910 5156 παθήματα.
2944 5089 3116 5153 Δύτός
3158 5107 3218 5142 τε
3268 5091 3375 5161 γὰρ
3416 5091 3521 5143 ὑπὸ
3567 5089 3659 5144 τοῦ

2075 5173 2525 5242 εὐεργετηθέντος
2543 5174 2714 5228 Σαοὺλ
2739 5175 3081 5246 ἐξηλαύνετο,
3102 5181 3196 5232 καὶ
3219 5179 3323 5232 ύπό
3345 5197 3506 5233 τινων
3524 5197 3660 5248 γνωο

2080 5263 2256 5334 ρίμων
2291 5263 2671 5336 προ[ὑ]δίδοτο,
2710 5269 2803 5320 καὶ
2835 5267 2925 5320 τὸν
2955 5269 3231 5340 Δεσπότην
3267 5270 3520 5340 προεώρα
3549 5274 3659 5334 τοῖς

2074 5354 2168 5408 τοῦ
2210 5357 2525 5426 Πνεύματος
2571 5359 2868 5430 ὀφθαλμοῖς
2906 5361 3070 5414 ταύτὸ
3099 5361 3256 5414 τοῦτο
3300 5365 3617 5432 πεισόμενον
3642 5380 3655 5390 ·

2073 5449 2159 5500 διὰ
2183 5448 2341 5501 τοῦτο
2376 5451 2572 5516 καὶείς
2607 5452 2670 5504 τὸ
2713 5453 2888 5519 τέλος
2922 5455 2954 5522 ἡ
2991 5454 3269 5526 ἐπιγραφὴ
3298 5456 3656 5526 παραπέμτΞι

2077 5538 2169 5590 τὸν
2204 5538 2621 5610 ἐντυγχάνοντα,
2646 5543 2737 5594 καὶ
2763 5540 2998 5604 συνετῶς
3044 5543 3329 5613 προσέχειν
3357 5547 3468 5606 τοῖς
3509 5544 3656 5610 λεγο·

2080 5628 2264 5698 μένοις
2297 5633 2607 5701 παρεγγυᾷ,
2643 5632 2718 5696 ὡς
2767 5633 2862 5702 τῆς
2903 5632 3250 5704 προφητικῆς
3296 5632 3531 5698 διανοίας
3566 5649 3654 5689 κεν
