3834 6224
206 253 314 308 6⁵17
1409 254 1592 310 EXPO
1605 255 1786 312 SlTlO
1816 257 1880 312 IN
1917 259 2039 312 PSA
2050 257 2270 314 LMOS.-
3362 260 3466 312 G78

207 375 587 444 καλυμμένης,
619 373 710 428 καὶ
761 375 898 443 μετὰ
931 372 1125 443 χρόνου
1173 373 1470 442 δεχομένης
1515 374 1576 426 τὸ
1618 373 1787 436 τέλος.

1916 376 2025 444 μιὶο
2057 375 2336 445 passionis
2370 375 2666 430 Dominicm
2695 377 2941 431 continet
2971 373 3462 430 adumbrationem-

209 467 352 536 Πρὸς
395 465 451 517 δὲ
479 466 688 528 τούτοις
724 465 817 517 καὶ
860 467 972 527 τοῖς
1006 463 1196 533 ’ύμνοις
1225 465 1253 514 6
1283 463 1494 532 ψαλμὸς
1541 462 1790 530 ὲγκατεί-

1916 466 2087 518 vierito
2116 467 2260 519 enim
2297 467 2387 520 ille
2423 467 2639 536 hymnis
2669 467 3030 521 celebrandas
3060 473 3144 519 est
3166 503 3180 527 ,
3213 465 3306 533 qui
3338 464 3468 516 talia

208 557 418 629 λεκται,
447 555 812 626 σκιαγραφίαν
838 556 962 608 τινὰ
992 555 1130 623 ἔχων
1166 553 1274 605 τῶν
1309 551 1652 604 Δεσποτικῶν
1685 567 1790 602 πα-

209 647 497 716 ϐημάτων⁸
539 645 745 698 δίκαιον
771 645 880 716 γὰρ
922 645 1008 696 ἀεὶ
1049 645 1236 714 ὑμνεῖν
1271 644 1362 696 τὸν
1401 643 1572 697 ταῦτα
1599 642 1790 695 παθεῖν

210 741 353 810 ὑπὲρ
410 739 508 809 τῆς
555 738 664 790 τῶν
718 737 1022 806 ἀνθρώπων
1073 737 1442 806 ἀνασχόμενον
1493 733 1785 805 σωτηρίας.

220 831 382 884 Ἀλλά
402 830 588 901 μηδεὶς
604 832 669 900 τῇ
693 827 1039 896 ταπεινότητι
1067 825 1176 878 τῶν
1198 827 1459 897 ῥημάτων
1488 824 1790 893 προσέχων,

209 921 402 986 ἀνάξια
430 920 604 974 ταῦτα
649 918 891 990 ἡγείσθω
934 918 1027 970 τοῦ
1063 918 1316 987 Σωτῆρος
1345 915 1580 986 Χριστοῦ
1613 931 1628 946 ο
1664 930 1791 966 σκο-

210 1013 380 1066 πείτω
427 1011 484 1064 δὲ
524 1011 598 1073 ὼς
639 1012 668 1063 ό
702 1009 866 1080 χολῆς
914 1011 1008 1062 καὶ
1054 1008 1222 1072 ὄξους,
1254 1009 1346 1060 καὶ
1394 1005 1502 1058 τῶν
1537 1004 1792 1058 τοιούτων

211 1101 604 1170 ἀνασχόμενος,
627 1101 727 1152 οὐκ
750 1099 816 1152 ἂν
836 1098 1008 1164 λόγων
1038 1095 1396 1166 ταπεινότητα
1417 1095 1789 1165 παρῃτήσατο.

211 1190 541 1259 Κατάλληλα
563 1188 672 1259 γὰρ
705 1183 840 1241 εἶναι
875 1187 943 1240 τὰ
980 1188 1200 1258 ῥήματα
1231 1187 1494 1257 προσήκει
1516 1187 1629 1247 τοῖς
1650 1183 1791 1255 πρά-

212 1301 418 1354 γμασιν
436 1300 450 1315 ·
474 1282 638 1336 αὑτοῦ
664 1282 722 1334 δέ
755 1284 901 1334 ἐστιν
926 1283 957 1351 ἡ
985 1279 1136 1349 φωνὴ
1162 1278 1243 1341 τὸ,
1270 1277 1496 1332 Μάθετε
1518 1278 1620 1330 ἀπ’
1649 1276 1794 1345 ἐμοῦ

213 1375 305 1427 ὅτι
334 1373 519 1441 πρᾶός
547 1375 663 1441 ειμι
703 1372 800 1424 καί
836 1371 1112 1436 ταπεινὸς
1136 1368 1210 1437 τῇ
1242 1369 1474 1436 καρδίᾳ,
1501 1367 1599 1421 καί
1624 1365 1796 1435 εὑρή-

213 1481 354 1519 σετε
397 1465 746 1518 ἀνάπαυσιν
789 1463 916 1527 ταῖς
948 1461 1175 1530 ψυχαῖς
1206 1459 1374 1530 ὑμῶν
1397 1476 1409 1490 ·
1454 1462 1549 1514 καί⁵
1589 1460 1751 1513 πάλιν
1778 1471 1792 1486 ·

227 1556 476 1626 Ἐντολὴν
520 1555 731 1615 ἔλαϐον,
768 1554 820 1605 τί
845 1553 983 1606 εἴπω
1033 1552 1125 1604 καὶ
1163 1551 1215 1603 τί
1243 1549 1481 1619 λαλήσω,
1521 1548 1617 1601 καὶ
1645 1547 1798 1600 οὐδὲν

213 1648 308 1699 ἀπ’
340 1644 573 1715 ἐμαυτοῦ
608 1643 745 1695 ποιῶ
765 1658 778 1672 ⁸
806 1643 923 1704 καὶ,
975 1639 1080 1692 Θεέ
1122 1657 1262 1708 μου,
1288 1635 1392 1690 Θεέ
1435 1653 1573 1704 μου,
1606 1635 1707 1687 ἵνα
1742 1632 1801 1684 τί

1891 571 1990 624 pro
2024 556 2306 609 hominum
2338 556 2517 608 salute
2552 554 2663 623 pati
2719 555 2972 608 voluerit.
3020 552 3138 605 Jam
3185 565 3346 605 nemo
3384 550 3470 602 di,

1889 648 2132 701 clionum
2197 646 2560 700 humilitatem
2614 646 3011 709 considerans,
3061 643 3314 713 indignas
3367 641 3469 697 has

1892 737 2188 792 Servatore
2237 736 2459 792 Christo
2503 738 2823 791 existimet:
2880 735 3193 790 consideret
3240 732 3465 802 potius,

1890 845 2013 883 eum
2041 829 2134 898 qui
2173 828 2242 882 l‘cl
2272 837 2599 896 acctumque
2628 836 2681 882 et
2717 828 2823 881 alia
2857 823 3239 894 hujuscemodi
3269 822 3471 876 tolera-

1891 921 2036 972 verit
2060 960 2075 980 .
2107 919 2359 973 eumdem
2398 919 2557 973 facile
2595 933 2660 973 ne
2693 918 3000 972 dictionum
3039 913 3260 985 quidem
3295 912 3472 966 immi-

1893 1011 2097 1064 litatem
2134 1012 2494 1066 recusavisse.
2533 1009 2741 1063 Etenim
2774 1009 2938 1064 verba
2970 1020 3279 1061 consonare
3311 1004 3471 1058 factis

1894 1110 2330 1155 consentaneum
2369 1109 2476 1154 est.
2511 1098 2644 1154 Nam
2672 1108 2725 1152 et
2754 1099 2928 1168 ipsius
2959 1114 3061 1152 vox
3098 1107 3183 1152 est
3215 1114 3228 1149 :
3271 1095 3472 1149 Discite

1895 1208 1928 1242 a
1961 1207 2042 1243 me
2067 1191 2194 1260 quia
2224 1191 2369 1244 mitis
2399 1206 2514 1243 sum
2543 1198 2591 1243 et
2617 1189 2835 1242 humilis
2875 1187 3030 1240 corde
3049 1228 3064 1251 ,
3104 1197 3153 1240 et
3194 1185 3470 1239 invenietis

1895 1283 2123 1350 requiem
2145 1282 2425 1335 animabus
2451 1281 2635 1335 vestris
2658 1280 2868 1351 (Matth.
2898 1296 2974 1344 ιι,
2998 1281 3068 1334 '29
3085 1279 3124 1345 ).
3163 1279 3225 1331 Et
3251 1294 3470 1342 rursus,

1897 1367 2210 1422 Mandatum
2249 1369 2470 1437 accepi,
2506 1369 2636 1438 quid
2673 1368 2852 1421 dicam
2886 1377 2941 1422 ct
2971 1368 3100 1437 quid
3134 1369 3384 1438 eloquar,
3418 1375 3474 1423 et

1898 1458 2033 1512 nihil
2066 1473 2096 1510 a
2132 1473 2218 1512 me
2243 1458 2365 1528 ipso
2396 1458 2560 1512 facio.
2591 1457 2656 1510 Et
2682 1497 2697 1521 ,
2736 1458 2872 1512 Deus
2907 1475 3051 1513 meus
3073 1499 3086 1522 ,
3120 1459 3259 1513 Deus
3291 1475 3471 1524 meus,

1896 1561 2061 1614 quare
2093 1545 2424 1615 dereliquiin
2456 1548 2584 1600 me?
2622 1543 2748 1600 Haec
2787 1553 2841 1600 et
2887 1547 3052 1616 hujus
3100 1547 3320 1618 generis
3363 1547 3474 1600 aiia

1900 1637 2142 1691 humano
2171 1652 2322 1691 more
2351 1637 2696 1706 loquebatur,
2729 1647 2790 1691 ut
2823 1638 3119 1692 humanam
3165 1653 3322 1693 suam
3372 1655 3473 1692 na-

212 1756 288 1806 με
318 1736 737 1806 ἐγκατέλιπες
760 1733 945 1786 Ταῦτα
967 1733 1026 1786 δὲ
1049 1733 1143 1786 καὶ
1172 1733 1240 1784 τὰ
1261 1729 1486 1784 τοιαῦτα
1513 1726 1793 1798 ,ἀνθρωπί-

1923 1742 2076 1782 urarn
2108 1727 2461 1790 ostenderet,
2498 1736 2661 1797 atque
2692 1737 2751 1781 ut
2784 1745 2842 1784 sc
2871 1727 3188 1783 Jmlteorum
3240 1730 3474 1784 inﬁrmi-

213 1848 322 1892 νως
346 1829 663 1897 ἐφθέγγετο,
695 1827 790 1880 καὶ
811 1825 910 1896 τὴν
932 1823 1275 1894 ἀνθρωπείαν
1298 1821 1458 1891 φύσιν
1482 1817 1789 1879 ὑπεδείκνυ,

213 1921 312 1976 καὶ
356 1918 655 1988 οἰκονομῶν
702 1917 844 1987 (cod.
879 1915 1196 1985 οἰκοδομῶν)
1233 1913 1334 1984 τὴν
1381 1911 1489 1964 τῶν
1527 1909 1792 1962 Ἰουδαίων

212 2013 494 2066 ἀσθένειαν
513 2027 526 2040 ⁸
550 2008 782 2062 ἐνταῦθα
820 2009 1000 2078 μέντοι
1023 2008 1051 2056 6
1086 2006 1228 2067 θεῖος
1251 2002 1417 2055 Δαὸὶδ
1465 2000 1560 2054 καὶ
1591 2000 1692 2071 τὴν
1715 1999 1796 2061 είς

215 2104 380 2157 αὐτὸν
417 2099 795 2171 γεγενημένην
824 2099 1038 2152 ἀδικίαν
1059 2096 1317 2161 διδάσκει,
1344 2095 1436 2146 καὶ
1463 2092 1560 2163 τὴν
1602 2093 1680 2154 είς
1706 2089 1797 2143 τὸν

215 2194 496 2264 Δεσπότην
528 2191 791 2261 ἐσομένην
840 2187 1259 2260 προδιαγράφει,
1305 2188 1371 2255 τῇ
1403 2183 1657 2251 κοινωνίᾳ
1683 2180 1791 2232 τῶν

1894 1821 1994 1874 tati
2031 1817 2493 1872 accommodaret.
2531 1817 2645 1872 Hoc
2675 1827 2825 1874 certe
2859 1819 3185 1884 locquavid
3223 1829 3280 1875 et
3327 1821 3472 1890 inju-

1899 1910 2012 1965 rias
2046 1909 2150 1964 sibi
2184 1909 2366 1962 illatas
2398 1909 2589 1970 docet,
2627 1918 2681 1964 et
2713 1911 2876 1964 simul
2913 1910 3150 1965 Domino
3180 1921 3478 1967 eventuras

1901 2001 2194 2071 praedicit;
2229 2002 2302 2054 ob
2345 2002 2667 2070 passionum
2716 2005 3165 2059 communionem
3211 2004 3479 2074 plaudens

1905 2093 2008 2148 sibi
2029 2134 2044 2153 ,
2081 2108 2145 2145 ac
2176 2094 2576 2162 prepcmodum
2612 2109 2738 2148 eum
2771 2095 2943 2148 Paulo
2975 2097 3332 2152 exclamans:
3366 2095 3478 2166 Ego

1909 2184 2165 2252 Stigmata
2195 2182 2408 2236 Domini
2439 2182 2568 2239 Jesu
2603 2184 2658 2238 in
2690 2199 2924 2254 corpore
2959 2202 3081 2242 meo
3115 2195 3296 2257 porto.

215 2285 554 2355 παθημάτων
587 2283 1012 2354 ἐναϐρυνόμενος
1041 2281 1134 2333 καὶ
1161 2278 1442 2350 μονονουχὶ
1472 2275 1610 2346 βοῶν
1639 2273 1776 2345 μετὰ
1813 2274 2057 2327 Παύλου·
2107 2274 2248 2342 Ἐγὼ
2283 2275 2352 2328 τὰ
2393 2275 2662 2345 στίγματα
2693 2278 2786 2330 τοῦ
2815 2278 3017 2348 Κυρίου
3080 2278 3256 2349 Ἰησοῦ
3301 2280 3360 2332 ὲν
3400 2279 3481 2350 τῷ

216 2377 431 2448 σώματί
457 2394 558 2448 μου
589 2376 864 2447 βαστάζω.

783 2466 1073 2521 ΨΔΛΜυΣ
1107 2466 1236 2520 NA’.

288 2562 436 2632 Στίχ.
462 2561 604 2630 β’.--
628 2559 720 2630 Μὴ
751 2559 1050 2628 διαπτύσῃς
1072 2559 1118 2627 (Ι
1135 2566 1174 2626 ),
1199 2557 1333 2628 μηδὲ
1364 2558 1800 2628 καταφρονήσῃς,

225 2653 432 2723 μικρὰν
481 2650 649 2721 αὐτὴν
692 2650 788 2703 καὶ
832 2649 1022 2718 εὐτελῆ
1078 2648 1454 2718 λογισάμενος.
1499 2649 1802 2719 ’Υπεριδεῖν

220 2743 334 2812 γὰρ
363 2741 580 2808 λέγεται
628 2741 687 2792 τὸ
734 2740 1181 2810 καταφρονῆσαι,
1242 2739 1317 2802 ὡς
1362 2740 1561 2811 μικροῦ
1597 2742 1688 2794 καὶ
1722 2740 1806 2792 ού-

219 2829 395 2891 δενός.

295 2915 447 2985 Στίχ.
469 2921 537 2982 γ’.
565 2915 985 2986 -Ἀδολεσχίαν
1032 2917 1187 2970 καλεῖ
1243 2918 1446 2982 παντὸς
1487 2921 1808 2991 πράγματος

2453 2463 2776 2520 PSALMUS
2809 2464 2938 2520 LIV.

1981 2551 2145 2606 Vens.
2174 2552 2230 2608 2.
2255 2583 2325 2591 -
2350 2550 2473 2607 Noli
2511 2568 2788 2623 respuere,
2823 2555 2907 2609 vel
2945 2561 3316 2618 contemnere,
3352 2569 3479 2624 par-

1910 2655 2031 2694 vam
2065 2650 2119 2696 et
2149 2640 2310 2695 vilem
2368 2642 2516 2694 illam
2545 2642 2847 2698 aestimans.
2893 2642 3184 2713 Despicere
3217 2643 3365 2696 enim
3397 2644 3482 2698 di-

1913 2733 2059 2787 citur
2089 2732 2231 2787 idem
2267 2733 2414 2804 quod
2454 2742 2828 2803 contemnere,
2877 2743 3134 2805 tanquam
3172 2735 3300 2805 quid
3328 2735 3485 2805 parvi

1913 2831 1968 2880 et
2009 2823 2215 2877 nullius
2238 2827 2499 2878 momenti

1991 2913 2153 2969 Vens.
2191 2917 2244 2970 '5.
2295 2946 2362 2956 —
2394 2914 2850 2970 Exercitalionem
2901 2925 3060 2972 vocat
3109 2916 3487 2985 cujuscunque

225 3004 528 3074 συνέχειαν.
571 3005 644 3056 Τὸ
677 3000 788 3069 οὖν,
845 3007 1193 3076 Ἐλυπήθην
1239 3009 1308 3061 ἐν
1352 3008 1425 3077 τῇ
1475 3010 1804 3077 ἀδολεσχίᾳ

1916 3005 2118 3074 negotii
2161 3003 2661 3058 continuationem.
2705 3002 2852 3059 Istud
2891 3005 3079 3074 igitur,
3127 3003 3487 3060 Coutristatus

220 3111 366 3162 μου,
416 3093 512 3146 καὶ
544 3093 879 3162 ἐταράχθην
905 3113 918 3125 ·
949 3100 1224 3161 τουτέστι,
1263 3099 1468 3170 Συνεχῆ
1502 3101 1601 3171 τὴν
1635 3101 1811 3171 λύπην

229 3185 390 3253 ἔσχον
422 3183 516 3236 καὶ
550 3185 646 3254 τὴν
669 3187 913 3255 ταραχὴν
938 3187 1045 3238 ἀπὸ
1073 3187 1166 3239 τοῦ
1200 3188 1435 3259 πλήθους
1476 3190 1572 3242 .ὦν
1603 3190 1809 3255 κακῶν,

228 3274 406 3327 ﬂiam;
441 3275 526 3326 ἐπ’
556 3276 732 3338 ἄλλοις
773 3277 859 3328 ἀεὶ
897 3279 1327 3348 συμϐαινόντων.

302 3448 450 3517 Στίχ.
473 3447 550 3500 ιδ’.
583 3478 652 3489 -
676 3449 988 3521 Σύμμαχος,
1018 3453 1190 3507 Ἀλλὰ
1227 3455 1308 3508 σὺ
1334 3455 1642 3523 ἅνθρωπος
1676 3459 1809 3526 ὀμό-

230 3550 470 3604 τροπος,
488 3538 585 3591 καί
601 3540 902 3608 συνήθης,
923 3543 1017 3595 καὶ
1049 3543 1350 3613 γνώριμος.
1372 3548 1444 3599 Τὸ
1461 3547 1537 3613 δὲ,
1554 3545 1814 3617 ’Πγεμών

227 3648 370 3698 μου,
401 3631 578 3693 καλῶς
606 3631 681 3694 ὡς
719 3633 852 3702 πρὸς
881 3634 970 3686 τὸν
1004 3636 1219 3705 Σίμωνα
1238 3654 1251 3667 ·
1290 3637 1474 3708 ἐπειδὴ
1506 3639 1600 3691 τοῦ
1632 3658 1812 3709 μακα-

235 3723 354 3793 ρίου
401 3721 570 3775 ὐνίου
601 3722 1098 3794 ἁρχιερατεύοντος,
1133 3729 1463 3798 προστασίαν
1503 3729 1622 3782 τινὰ
1655 3729 1811 3798 ἐγκε-

231 3813 490 3882 χείριστο.
546 3811 731 3874 Οῦτως
784 3815 1056 3884 ἡγεμόνας
1107 3817 1199 3868 καὶ
1240 3819 1504 3888 ἄρχοντας
1552 3820 1812 3890 βασιλέων

233 3902 504 3973 καλοῦμεν
537 3905 660 3965 τοὺς
687 3905 778 3957 ὑπ’
809 3906 986 3958 αὐτῶν
1034 3907 1390 3976 πράττοντας,
1425 3911 1532 3962 εἴτε
1561 3911 1690 3981 παρ’
1719 3911 1815 3964 αὐ-

229 3996 344 4048 τῶν
367 3995 464 4066 τὴν
494 3996 665 4068 ἀρχὴν
695 3997 1224 4069 ἐγκεχειρισμένους.

797 4197 1090 4252 ΨΛΛΜΟΣ
1124 4201 1249 4254 NZ'.

1913 3109 2030 3147 sum
2085 3094 2138 3146 in
2193 3093 2568 3147 exercitatione
2608 3109 2746 3154 mea,
2795 3106 2842 3146 et
2879 3094 3265 3158 conturbatus;
3299 3094 3352 3148 id
3382 3103 3487 3157 est,

1912 3183 2246 3239 Continuam
2303 3183 2470 3237 habui
2531 3182 2808 3236 tristitiam
2854 3193 2908 3238 et
2932 3184 3410 3238 conturbationem
3459 3198 3488 3236 a

1913 3275 2264 3329 multitudine
2304 3277 2595 3337 malorum,
2648 3273 2776 3326 dum
2827 3275 2936 3328 alia
2988 3291 3052 3330 ex
3101 3275 3229 3330 aliis
3276 3290 3490 3344 semper

1913 3368 2190 3420 oriuntur.

1989 3455 2154 3511 Vens.
2186 3455 2273 3508 M.
2299 3487 2367 3496 —
2400 3455 2782 3527 Symmachus,
2823 3454 2926 3510 Sed
2971 3465 3027 3509 tu
3077 3455 3231 3509 homo
3276 3470 3491 3524 eorum:

1913 3550 2030 3604 dem
2071 3565 2299 3611 morum,
2349 3557 2398 3601 et
2458 3549 2744 3612 familiaris
2796 3566 2960 3611 meus,
3023 3558 3072 3602 et
3130 3558 3304 3602 notus.
3356 3547 3491 3600 Illud

1914 3657 2068 3703 vero,
2113 3639 2234 3692 Dux
2276 3656 2442 3701 meus,
2489 3647 2639 3694 recte
2676 3650 2936 3708 tanquam
2984 3638 3050 3692 ad
3094 3636 3371 3693 Simonem
3409 3638 3492 3690 di-

1915 3740 2099 3797 ctum;
2134 3739 2193 3785 ut
2235 3733 2352 3800 qui,
2388 3730 2524 3785 Onia
2568 3745 2826 3800 supremo
2871 3730 3182 3785 sacerdotio
3213 3729 3493 3799 fringenle,

1918 3821 2300 3892 praafecturam
2345 3823 2580 3891 aliquam
2613 3822 2856 3892 gerebat.
2902 3820 3016 3875 lloc
3053 3821 3214 3874 modo
3236 3819 3404 3875 duces
3441 3828 3496 3888 et

1915 3917 2502 3984 imperatoreslregum
2540 3913 2883 3984 appellamus
2931 3929 3027 3969 eos
3057 3913 3150 3982 qui
3192 3912 3328 3982 ipsis
3361 3912 3494 3966 sub-

1914 4003 2156 4058 ordinati
2203 4011 2370 4067 sunt,
2417 4003 2533 4058 sive
2590 4003 2686 4073 qui
2740 4003 2808 4058 ab
2857 4002 2993 4074 ipsis
3043 4003 3332 4074 imperium
3387 4003 3494 4078 sibi

1915 4093 2293 4150 concreditum
2327 4103 2680 4163 acceperunt.

2443 4202 2770 4260 PSALMUS
2799 4201 2959 4258 LVII.

305 4287 454 4358 Στίχ.
484 4293 570 4341 ια’.
603 4287 746 4340 -Ἠ
776 4287 831 4342 δὲ
861 4290 939 4351 εἰς
977 4291 1141 4359 ὑμᾶς,
1165 4292 1315 4374 φησὶ,
1339 4291 1576 4361 τιμωρία
1615 4292 1804 4363 εύφρο·

1993 4294 2160 4349 Vens.
2187 4296 2274 4351 Μ.
2299 4326 2367 4336 -
2397 4295 2656 4350 Vestrum
2686 4304 2890 4361 autem,
2928 4294 3128 4366 inquit,
3165 4294 3496 4365 supplicium

235 4377 404 4446 σύνην
448 4377 668 4448 παρέξει
707 4379 816 4440 τοῖς
845 4378 1089 4444 δικαίοις,
1119 4385 1230 4443 τοῖς
1270 4382 1364 4433 νῦν
1395 4381 1483 4448 ὑφ’
1518 4382 1670 4451 ὑμῶν
1694 4385 1814 4435 ἐπι-

233 4467 664 4535 ϐουλευομένοις.
1194 4503 1196 4506 -

309 4558 629 4626 Θεοδώρου.
662 4560 735 4612 Τὸ
768 4563 1077 4613 νιπτεσθαι
1122 4561 1154 4631 ἡ
1191 4562 1308 4615 θεία
1347 4563 1536 4635 Γραφὴ
1578 4565 1810 4636 συνεχῶς

233 4646 502 4714 λαμϐάνει
551 4647 643 4699 ἐπὶ
693 4647 785 4701 τοῦ
846 4649 878 4718 ἢ
925 4652 1198 4703 κοινωνεῖν
1239 4668 1343 4703 τινι
1396 4653 1554 4724 ἢμὴ
1607 4672 1811 4707 κοινω-

235 4741 370 4792 νεῖν.
395 4737 564 4790 Τοῦτο
594 4738 699 4809 γὰρ
731 4738 848 4801 ἔθος
871 4741 982 4802 τοῖς
1011 4740 1277 4804 παλαιοῖς,
1305 4743 1392 4795 διὰ
1420 4742 1501 4795 τοῦ
1535 4745 1814 4798 νίπτεσθαι

235 4830 337 4891 τὰς
381 4831 568 4898 χεῖρας
616 4831 899 4898 σημαίνειν
935 4831 1191 4901 ὁπότερον
1223 4831 1290 4885 ἂν
1337 4832 1632 4889 ἐϐούλοντο.
1664 4836 1819 4890 Οὕτω

236 4922 332 4974 καὶ
379 4922 604 4983 Πιλᾶτος
645 4924 700 4974 ἐν
747 4925 859 4984 τοῖς
898 4921 1245 4990 Εὖαγγελίοις
1284 4927 1532 4995 φαίνεται
1557 4927 1635 4998 τῷ
1662 4929 1819 4997 νίψα-

239 5012 364 5065 σθαι
396 5012 492 5074 τὰς
521 5014 708 5083 χεῖρας
735 5014 1032 5082 σημαίνων,
1063 5015 1144 5066 ὅτι
1186 5015 1259 5085 μὴ
1297 5020 1526 5087 κοινωνῇ
1567 5018 1645 5089 τῷ
1676 5020 1819 5088 φόνῳ

238 5102 382 5155 κατὰ
410 5103 501 5154 τοῦ
533 5103 787 5172 Χριστοῦ.
819 5103 973 5155 Οὕτω
1014 5105 1104 5156 καὶ
1137 5106 1358 5176 ἑτέρωθί
1388 5125 1550 5177 φησιν
1578 5110 1606 5161 6
1638 5112 1817 5179 μακά-

242 5210 358 5261 ριος
392 5194 584 5246 Δαϐίδ⁸
633 5196 893 5263 Νίψομαι
937 5196 1006 5246 ἐν
1033 5197 1242 5261 ἀθώοις
1295 5200 1400 5261 τὰς
1438 5200 1638 5268 χεῖράς
1666 5219 1817 5268 μου·

238 5287 505 5352 τουτέστι,
545 5287 654 5356 Τὴν
709 5290 845 5355 πρὸς
895 5289 1092 5351 αὐτοὺς
1140 5291 1453 5360 ἀσπάσομαι
1516 5295 1819 5348 κοινωνίαν.

252 5376 515 5431 Ἐνταῦθα
548 5373 639 5430 οῦν
663 5379 817 5431 τοῦτο
841 5379 1006 5445 λέγει,
1035 5381 1115 5433 ὅτι
1161 5383 1188 5434 6
1226 5381 1429 5444 δίκαιος
1459 5383 1516 5434 ἐν
1545 5387 1608 5453 τῇ
1642 5389 1820 5454 σφαγῇ

239 5467 336 5520 καὶ
364 5467 441 5519 τῶ
473 5468 686 5537 θανάτῳ
712 5468 803 5521 τοῦ
835 5470 1157 5538 ἁμαρτωλοῦ
1185 5472 1520 5542 δειχθήσεται
1555 5475 1823 5546 μηδεμίαν

315 5642 392 5714 (ιι
428 5641 502 5697 Ex
535 5641 819 5698 Cordcrio.

1921 4382 2163 4443 laetitiam
2197 4389 2460 4458 praebebit
2491 4389 2660 4458 justis
2695 4389 2828 4450 iliis,
2859 4389 2953 4457 qui
2993 4401 3138 4442 nunc
3169 4401 3200 4440 a
3228 4387 3382 4444 vobis
3416 4389 3498 4441 in-

1919 4480 2078 4535 sidiis
2114 4480 2477 4548 impctuntur.
3075 4540 3077 4542 _

1992 4569 2118 4622 IBID.
2164 4598 2236 4610 -
2271 4568 2552 4623 Theodori.
2619 4568 2857 4624 Verbum
2937 4567 3153 4622 lavandi
3213 4567 3499 4639 Scriptura

1919 4661 2103 4715 divina
2141 4677 2356 4730 semper
2389 4661 2588 4730 accipit
2620 4675 2720 4730 pro
2745 4661 3245 4716 communicatione
3280 4663 3365 4717 vel
3391 4677 3500 4716 non

1922 4750 2422 4804 communicatione
2451 4751 2707 4820 alicujus.
2738 4749 2830 4804 llla
2878 4751 3024 4805 enim
3057 4760 3175 4805 erat
3204 4763 3504 4816 consuetu.-

1925 4843 1995 4896 d0
2026 4843 2326 4902 veteribus,
2349 4853 2408 4895 ut
2437 4857 2530 4911 per
2557 4843 2818 4896 lotionem
2850 4858 3112 4896 manuum
3147 4845 3500 4910 alterutrum,

1927 4932 2388 5002 proutvolebant.
2442 4933 2838 5002 signiﬁcarent.
2877 4933 2969 4987 Sic
3009 4933 3173 4987 etiam
3209 4932 3414 4989 Pilatus
3449 4933 3503 4987 in

1929 5021 2238 5090 Evangeliis
2270 5024 2489 5078 videtur
2529 5039 2628 5093 per
2676 5023 2936 5077 lotionem
2985 5039 3248 5078 manuum
3299 5025 3505 5095 signifi-

1928 5129 2106 5177 casse,
2131 5130 2318 5169 senon
2346 5116 2756 5172 connuunicarc
2783 5115 2917 5170 caedi
2940 5115 3168 5170 Christi.
3223 5115 3314 5170 Sic
3337 5117 3504 5184 etiam

1929 5205 2037 5259 alio
2080 5206 2202 5258 loco
2231 5207 2426 5261 beatus
2467 5206 2632 5262 David
2662 5208 2736 5261 ait
2766 5227 2778 5262 :
2816 5206 3024 5261 Lavabo
3053 5209 3189 5261 inter
3210 5209 3505 5272 innocentes

1929 5313 2116 5350 manus
2150 5314 2329 5361 meas;
2371 5299 2421 5353 id
2451 5308 2552 5362 est,
2583 5314 2708 5353 cum
2755 5299 2892 5367 ipsis
2936 5300 3239 5368 amplectar
3261 5316 3508 5364 commu-

1931 5389 2278 5445 nicationem.
2303 5389 2398 5442 Hic
2417 5405 2544 5458 ergo
2570 5389 2725 5450 dicit,
2753 5390 2961 5456 justum
2988 5391 3042 5444 in
3070 5391 3216 5444 caede
3237 5403 3300 5443 ac
3335 5400 3509 5443 morte

1931 5482 2238 5549 peccatoris
2278 5481 2613 5535 declaratum
2672 5482 2734 5534 iri
2787 5482 2992 5536 nullam
3039 5482 3242 5538 habere
3276 5496 3401 5535 cum
3443 5482 3508 5534 iis
