3834 6224
364 239 470 300 οτο

1552 235 1903 293 TIIEODORI
1944 239 2429 297 MOPSUESTENI

3517 248 3620 304 680

363 359 941 424 communicationem,
987 356 1089 412 hoc
1129 364 1233 424 est,
1277 356 1489 426 justum
1534 352 1936 423 appariturum.

2046 354 2184 425 ἔχειν
2212 355 2347 426 πρὸς
2385 356 2582 419 αὐτοὺς
2620 358 2921 422 κοινωνίαν,
2965 357 3272 425 τουτέστιν,
3305 359 3622 431 ἀποφανθῆ-

362 450 499 507 Cum
528 451 674 505 enim
718 450 795 503 illi
826 457 1110 518 prOpterea
1151 446 1472 515 puniantur,
1516 442 1574 495 bi
1612 448 1795 495 autem
1825 455 1941 494 ma-

364 551 531 597 neant
588 541 666 595 nil
720 540 849 593 mali
902 540 1193 603 patientes,
1253 537 1449 591 horum
1482 532 1661 588 virtus
1712 532 1941 587 demon-

362 643 596 691 stratur.

433 728 602 781 Vens.
648 724 736 778 I2.
761 752 833 764 -—
858 720 1122 777 Nonnulli
1167 718 1337 783 istud,
1396 714 1587 784 Utique
1621 723 1700 768 est
1734 713 1938 782 fructus

354 818 524 888 justo,
566 831 662 887 per
709 813 1198 884 interrogationem
1238 811 1523 879 legerunt;
1553 819 1619 860 ac
1658 805 1705 859 si
1744 803 1942 860 scisci-

362 918 611 965 tarentur
644 915 831 962 utrum
861 906 935 960 sit
974 924 987 959 :
1015 902 1160 973 quod
1187 902 1242 956 in
1270 898 1603 971 syllogismis
1631 896 1817 952 dicere
1845 911 1939 951 so-

360 1004 559 1065 lemus,
614 998 875 1067 Nunquid
936 994 1076 1050 hoc?
1126 993 1181 1048 id
1239 1000 1343 1055 est,
1392 989 1609 1058 Ergone
1656 986 1808 1041 hoc?
1859 986 1940 1041 sic

360 1094 524 1151 etiam
568 1093 672 1146 hoc
703 1092 825 1145 loco
868 1090 968 1151 ait,
1013 1085 1160 1157 quod
1208 1098 1334 1139 cum
1374 1081 1490 1134 haec
1532 1079 1672 1133 facta
1712 1077 1937 1144 fuerint,

360 1201 554 1241 omnes
581 1184 780 1239 dicturi
802 1183 933 1245 sint,
965 1178 1236 1246 Quoniam
1264 1190 1389 1230 vere
1416 1179 1502 1228 est
1536 1170 1937 1237 fructusjusto,

359 1286 415 1332 et
442 1293 551 1331 non
597 1274 717 1331 sine
764 1272 1014 1326 mercede
1040 1268 1313 1339 justitiam
1343 1269 1585 1319 exercet.
1618 1259 1761 1313 Ecce
1791 1260 1940 1314 enim

360 1378 650 1442 pr0pterea
678 1365 854 1436 puniti
886 1371 1017 1418 sunt
1045 1360 1140 1431 qui
1175 1358 1312 1428 ipsis
1339 1352 1777 1409 insidiabantur.

891 1451 1219 1510 PSALMUS
1258 1447 1442 1504 LVIII.

429 1550 600 1608 Vens.
632 1552 687 1605 7.
720 1580 793 1591 —
821 1548 923 1603 llic
972 1547 1139 1599 etiam
1183 1551 1269 1598 est
1304 1552 1568 1610 temporis
1611 1535 1939 1597 immutatio,

359 1663 461 1717 pro
489 1652 883 1709 convertantur,
910 1648 966 1696 et
986 1640 1331 1699 circumeant,
1357 1641 1411 1688 et
1432 1633 1627 1703 famem
1643 1630 1940 1699 patiantur.

2043 462 2196 501 σεται
2239 447 2463 511 δίκαιος.
2490 449 2654 500 Ὅταν
2703 448 2813 519 γὰρ
2860 450 3055 502 ἐκεῖνοι
3088 449 3175 502 διὰ
3216 450 3421 503 τούτων
3459 452 3618 505 κολά-

2042 538 2263 604 ζωνται,
2291 535 2435 593 οῦτοι
2459 538 2517 591 δὲ
2548 540 2749 610 μένωσι
2788 540 2953 611 μηδὲν
2974 539 3268 610 πάσχοντες
3296 540 3487 606 κακὸν,
3511 541 3621 596 δεί-
3672 544 3677 553 ’
3741 538 3751 545 ’

2041 647 2231 684 κνυται
2255 630 2458 685 τούτων
2484 632 2519 701 ἡ
2548 633 2738 702 ἀρετή.

2110 722 2256 792 Στίχ.
2287 721 2604 791 ιβ’.-Τινὲς
2631 723 2858 790 τὸ,Ἄρα
2882 723 3015 777 ἐστὶ
3034 724 3262 791 καρπὸς
3290 724 3373 789 τῷ
3391 723 3620 790 δικαίῳ,

2041 814 2162 866 κατ’
2184 815 2450 886 ἐρώτησιν
2477 815 2786 884 ἀνέγνωσαν
2808 833 2821 846 ·
2844 816 3043 870 ὡσανεὶ
3070 816 3506 887 πυνθανομένων,
3537 818 3622 871 ὅτι

2040 904 2104 958 Εἰ
2136 904 2282 959 ἐστιν
2316 906 2444 977 ἄρα,
2476 906 2609 978 ὅπερ
2653 906 2770 969 ἔθος
2819 908 2951 977 ἡμῖν
2993 909 3051 960 ὲν
3089 910 3202 970 τοῖς
3249 906 3625 976 συλλογισμοῖς

2041 993 2237 1062 λέγειν,
2265 999 2314 1048 εί
2343 996 2417 1067 μὴ
2434 997 2551 1049 τόδε
2574 1014 2589 1061 ;
2617 998 2737 1051 ἀντὶ
2756 997 2871 1061 τοῦ,
2902 992 3110 1051 Οὐκοῦν
3132 998 3250 1051 τόδε
3274 1015 3290 1064 ;
3316 997 3458 1052 οῦτω
3492 999 3626 1052 κάν-

2039 1088 2213 1141 ταῦθα
2239 1088 2405 1156 λέγει,
2439 1089 2519 1142 ὅτι
2550 1088 2753 1142 τούτων
2791 1090 3116 1159 γενομένων,
3155 1091 3352 1153 πάντες
3383 1088 3622 1159 ἐροῦσιν,

2040 1174 2121 1226 ὅτι
2149 1174 2361 1245 ἀληθῶς
2391 1174 2504 1228 ἐστι
2534 1175 2613 1246 τῷ
2657 1177 2849 1247 δικαίῳ
2892 1179 3122 1247 καρπὸς,
3159 1180 3251 1231 καὶ
3297 1179 3395 1231 οὐκ
3428 1177 3626 1247 ἀμισθὶ

2040 1264 2139 1335 τὴν
2191 1265 2536 1336 δικαιοσύνην
2591 1267 2901 1337 ἐργάζεται.
2946 1269 3073 1321 Ἰδοὺ
3112 1268 3221 1339 γὰρ
3268 1268 3372 1322 ύτιδ
3415 1267 3623 1322 τούτων

2041 1355 2464 1428 ὲτιμωρήθησαν
2491 1359 2542 1410 οἱ
2567 1357 3002 1422 ἐπιϐουλεύοντες
3028 1359 3231 1421 αὐτοῖς.

2605 1446 2896 1503 ΨΑΛΜΟΣ
2922 1450 3053 1502 NH'.

2111 1540 2260 1609 Στίχ.
2287 1537 2352 1605 ζ’.
2378 1541 2757 1612 -Ὲναλλαγὴ
2789 1540 3068 1594 κάνταῦθα
3107 1539 3321 1609 χρόνου,
3351 1537 3472 1591 ἀντὶ
3504 1536 3624 1606 τοῦ,

2054 1630 2644 1702 Ἐπιστρεψάτωσαν,
2664 1634 2756 1688 καὶ
2782 1633 3263 1688 κυκλωσιὴωσαν
3278 1672 3292 1693 ,
3311 1630 3406 1684 καὶ
3438 1635 3621 1698 ,τιμω-

360 1740 518 1809 Quod
567 1747 750 1793 autem
790 1735 925 1790 dicit
957 1739 1045 1787 est
1076 1726 1353 1799 ejusmodi
1383 1744 1397 1780 :
1427 1724 1700 1790 Quoniam
1735 1735 1934 1776 canum

2046 1723 2339 1788 ξάτωσαν.
2352 1726 2416 1778 '0
2428 1725 2484 1778 δὲ
2506 1723 2898 1794 λέγειτοιοῦτόν
2917 1727 3080 1777 ἐστιν·
3100 1722 3315 1792 Ἐπειδὴ
3326 1721 3434 1774 τῶν
3447 1720 3628 1775 κυνῶν

360 1834 645 1903 proprium
693 1834 781 1883 est
832 1822 1012 1879 noctis
1064 1831 1313 1889 tempore
1363 1815 1603 1870 circuire
1655 1812 1934 1867 civitatem

361 1924 696 1986 universam,
721 1927 776 1973 et
809 1913 1110 1986 majoribus
1142 1910 1222 1964 uti
1259 1907 1520 1972 vocibus;
1552 1904 1792 1959 maxime
1824 1916 1940 1955 au-

359 2025 467 2072 tem
501 2017 605 2069 hoc
645 2011 879 2072 faciunt,
922 2002 1144 2076 quando
1187 1997 1483 2068 contigerit
1523 1998 1675 2066 ipsos
1723 1993 1941 2050 esurire

358 2108 464 2163 cibi
493 2106 729 2175 indigus.
769 2099 959 2155 Simile
994 2093 1149 2166 quid,
1186 2092 1384 2162 inquit,
1408 2088 1662 2143 hostibus
1685 2085 1935 2150 eveniat;

358 2214 391 2254 a
420 2174 676 2269 praesenti
703 2192 966 2247 felicitate
1004 2187 1062 2240 in
1108 2182 1266 2253 pejus
1297 2194 1395 2249 per
1422 2174 1755 2246 supplicium
1785 2183 1937 2227 tuum

358 2294 756 2346 convertantur
787 2302 800 2338 :
832 2290 886 2337 et
915 2281 1057 2334 sicut
1089 2289 1276 2336 canes,
1309 2272 1487 2329 noctis
1523 2278 1767 2337 tempore
1798 2278 1827 2317 a
1859 2262 1941 2317 fa-

359 2398 446 2439 nte
482 2378 723 2441 obsessi,
754 2377 811 2429 in
840 2370 1077 2427 circuitu
1111 2367 1387 2420 ululantes
1424 2360 1770 2414 circumeunt
1801 2353 1937 2408 civi-

359 2484 525 2529 tatem
547 2513 562 2537 ,
588 2472 670 2526 sic
695 2476 750 2523 et
779 2467 833 2520 hi
867 2461 1142 2533 supplicio
1168 2467 1265 2511 tuo
1294 2455 1386 2509 icti
1417 2453 1627 2520 cjuleut
1662 2448 1730 2502 ad
1766 2446 1939 2501 instar

358 2579 592 2627 canum;
624 2562 698 2616 ita
731 2567 790 2614 ut
819 2573 888 2611 ex
918 2556 1035 2624 ipsa
1073 2564 1207 2604 voce
1233 2546 1539 2617 ejulatuum
1582 2541 1662 2595 tui
1703 2540 1757 2593 in
1786 2538 1938 2607 ipsos

358 2655 615 2729 supplicii
639 2654 899 2722 appareat
931 2640 1272 2711 magnitudo.
1305 2632 1592 2704 Temporis
1624 2637 1803 2683 autem
1832 2628 1936 2682 im-

360 2719 724 2803 mutationem
748 2739 953 2794 indicat
978 2731 1345 2805 Symmachus
1372 2726 1585 2788 dicens,
1613 2719 1931 2776 Convertun-

360 2848 449 2892 tur
483 2834 552 2890 ad
579 2844 862 2900 vesperam.

427 3012 598 3071 Vsus.
628 3011 682 3065 8.
718 3033 787 3048 -
808 3005 913 3060 llic
936 3005 1099 3059 etiam
1133 2997 1285 3055 istud
1320 3011 1435 3050 ecce
1465 2992 1741 3062 adjectum
1764 2998 1847 3044 est
1871 3004 1935 3044 ex

2045 1815 2175 1871 ἰδιον
2195 1818 2336 1872 κατὰ
2356 1818 2446 1871 τὸν
2462 1816 2561 1887 τῆς
2574 1816 2763 1878 νυκτὸς
2784 1815 2971 1884 καιρὸν
2986 1813 3258 1884 περιιέναι
3279 1830 3340 1864 τε
3357 1811 3456 1881 τὴν
3472 1811 3628 1863 πόλιν

2043 1908 2281 1973 ἃπασαν,
2303 1910 2394 1963 καὶ
2426 1908 2636 1980 μείζοσι
2666 1906 2966 1979 κεχρῆσθαι
2994 1908 3112 1967 ταῖς
3138 1906 3371 1973 φωναῖς
3409 1900 3627 1955 ποιοῦσι

2042 2000 2098 2054 δὲ
2146 2001 2279 2055 αὐτὸ
2326 2001 2594 2072 μάλιστα,
2650 2000 2868 2053 ἐπειδὰν
2917 1996 3185 2069 συμϐαίνῃ
3236 1996 3332 2048 καὶ
3383 1993 3628 2066 π[ε]ινᾷν

2042 2090 2329 2161 δεχθέντας
2372 2093 2611 2164 τροφῆς⁸
2664 2091 2904 2145 τοιοῦτόν
2968 2107 3022 2145 τι
3076 2089 3201 2159 περὶ¹
3250 2086 3359 2139 τῶν
3412 2084 3629 2155 ἐχθρῶν

2045 2198 2177 2253 φησι
2201 2200 2215 2215 ’
2245 2185 2794 2256 Μεταστραφήτωσαν
2824 2183 2933 2236 ἀπὸ
2959 2181 3056 2252 τῆς
3083 2179 3178 2234 νῦν
3206 2177 3511 2248 εὐπραγίας
3544 2177 3628 2237 εἰς

2042 2272 2105 2324 τὸ
2137 2276 2316 2343 χεῖρον
2347 2276 2413 2343 τῇ
2460 2273 2611 2344 παρὰ
2656 2270 2749 2325 σοῦ
2782 2272 3052 2342 τιμωρίᾳ·
3089 2270 3185 2322 καὶ
3215 2268 3402 2336 ὥσπερ
3438 2264 3625 2328 κύνες,

2043 2360 2184 2412 κατά
2210 2360 2299 2413 τὸν
2319 2360 2509 2432 καιρὸν
2556 2361 2656 2429 τῆς
2696 2361 2885 2422 νυκτὸς
2922 2361 3024 2412 ὑπὸ
3062 2358 3220 2429 λιμοῦ
3253 2356 3625 2427 συνεχόμενοι,

2044 2450 2228 2520 κύκλῳ
2249 2450 2477 2520 βοῶντες
2497 2451 2594 2521 τὴν
2621 2451 2773 2506 πόλιν
2801 2449 3136 2520 ἐκπεριίασιν
3152 2466 3164 2477 °
3188 2447 3329 2500 οὕτω
3356 2447 3452 2501 καὶ
3478 2440 3627 2499 οὗτοι

2042 2545 2109 2613 τῇ
2138 2542 2291 2613 παρὰ
2314 2543 2406 2595 σοῦ
2443 2541 2684 2612 τιμωρίᾳ
2721 2541 3016 2610 πληγέντες
3049 2538 3444 2602 ὀλολυζέτωσαν
3464 2537 3627 2605 ὅμοια

2043 2635 2156 2696 τοῖς
2179 2633 2365 2687 κυσίνο
2396 2632 2535 2687 ὥστε
2578 2633 2675 2687 καὶ
2719 2635 2784 2704 τῇ
2818 2635 2968 2702 φωνῇ
3007 2631 3118 2684 τῶν
3157 2627 3469 2697 ὀλολυγμῶν
3501 2627 3631 2695 φαί-

2042 2726 2228 2779 νεσθαι
2260 2725 2361 2795 τῆς
2391 2725 2660 2797 τιμωρίας
2688 2742 2781 2777 σου
2812 2725 2913 2793 τῆς
2949 2726 3027 2786 εἰς
3052 2722 3246 2784 αὐτοὺς
3285 2720 3346 2772 τὸ
3373 2719 3625 2790 μέγεθος.

2045 2819 2157 2890 Τὴν
2183 2819 2240 2873 δὲ
2274 2819 2572 2890 ἐναλλαγὴν
2608 2818 2700 2871 τοῦ
2733 2819 2923 2888 χρόνου
2956 2818 3193 2870 δείκνυσι
3223 2812 3518 2884 Σύμμαχος
3544 2814 3630 2867 εί-

2045 2908 2183 2973 πὼν,
2225 2908 2795 2979 Ἐπιστρενψάτωσαν
2830 2911 2918 2974 εὶς
2951 2906 3235 2976 ἑσπέραν.

2100 3002 2248 3072 Στίχ.
2264 3009 2408 3072 η¹.-
2421 3003 2743 3072 Θεοδώρου.
2760 3000 3049 3056 Κάνταῦθα
3061 2999 3315 3069 τὸ,ἰδοὺ,
3334 2997 3629 3071 προσέρρι-

359 3105 549 3177 phrasi
579 3102 826 3158 Hebraea.
862 3094 1226 3169 Symmachus
1271 3104 1402 3143 vero
1448 3089 1525 3140 ait
1557 3105 1571 3140 :
1599 3082 1716 3177 Ipsi
1762 3090 1937 3177 autem
1966 3097 2009 3154 α
2041 3096 2286 3148 πταιάτώ
2299 3094 2392 3147 τοῦ
2418 3093 2705 3165 Eam-im;
2725 3090 3627 3163 ἰδιώματοςλύμμαχοςδέφησιν.

358 3168 672 3267 singultiunt
701 3168 1026 3246 comedentes
1056 3198 1144 3237 ore
1165 3197 1283 3245 suo,
1308 3190 1357 3232 et
1377 3177 1532 3249 quasi
1556 3172 1762 3244 gladios
1783 3168 1940 3223 labiis

359 3264 470 3343 suis
503 3283 806 3361 [egerunt].
839 3279 975 3335 Nam
999 3286 1054 3333 et
1085 3276 1174 3329 hic
1197 3284 1415 3341 tempus
1442 3264 1774 3325 immutavit,
1815 3274 1941 3314 cum

358 3354 606 3438 futurum
642 3392 739 3448 pro
768 3354 1026 3444 prmseuti
1058 3365 1219 3422 dixit.
1256 3362 1363 3432 Ipsi
1399 3359 1571 3423 cnim,
1606 3354 1806 3423 inquit,
1846 3366 1943 3421 per

356 3491 421 3531 os
458 3486 617 3528 suum
665 3477 720 3525 et
769 3480 863 3537 per
908 3463 1049 3517 labia
1090 3473 1190 3514 sua
1237 3456 1542 3524 loquuntur
1586 3446 1752 3502 verba
1788 3442 1941 3499 omni

357 3562 541 3637 gladio
589 3532 797 3630 pejora,
845 3563 901 3609 et
938 3565 1061 3622 quae
1099 3545 1247 3601 omni
1283 3557 1417 3598 ense
1449 3537 1692 3593 atrocius
1725 3532 1943 3588 valeant

355 3622 670 3711 vulnerare:
692 3647 961 3717 Quoniam
980 3642 1098 3713 quis
1125 3637 1370 3692 audiuit?
1401 3632 1453 3687 id
1474 3640 1576 3694 est,
1598 3627 1788 3681 Nemo.
1807 3622 1942 3677 Por-

355 3762 420 3803 ro
461 3746 553 3799 hic
601 3715 767 3798 etiam
811 3752 919 3792 vox
962 3734 1196 3787 dicentes
1248 3722 1603 3786 subauditur,
1644 3715 1802 3788 quasi
1845 3729 1940 3785 per

354 3837 702 3894 reticentiam
729 3828 1018 3900 Propheta
1047 3825 1232 3888 dicta;
1263 3819 1410 3875 sicut
1436 3815 1602 3870 etiam
1635 3813 1690 3865 iu
1727 3808 1940 3878 psalmo

356 3930 600 3988 secundo
638 3925 786 3982 istud
821 3942 834 3979 :
870 3921 1167 3976 Astiterunt
1201 3928 1343 3983 reges
1379 3921 1558 3973 terra,
1597 3914 1647 3959 et
1677 3900 1939 3971 principes

356 4028 705 4079 convenerunt
750 4018 806 4070 in
851 4028 1036 4073 unum,
1098 4007 1350 4061 adversus
1403 4000 1712 4059 Dominum,
1753 4002 1803 4048 et
1841 3991 1939 4044 ad-

357 4131 535 4171 versus
581 4112 850 4168 Christum
887 4107 1022 4174 eius.
1075 4103 1455 4170 Dirumpamus
1490 4091 1701 4148 vincuia
1733 4100 1936 4145 eorum,

356 4220 407 4265 et
442 4207 788 4277 projiciamus
816 4219 849 4255 a
879 4199 1029 4255 nobis
1061 4198 1250 4267 jugum
1291 4197 1525 4263 ipsorum
1558 4204 1576 4241 :
1607 4200 1730 4238 nam
1772 4180 1936 4235 etiam

358 4276 447 4360 ibi
494 4316 590 4371 per
640 4296 989 4353 reticentiam
1057 4288 1385 4345 subauditur
1429 4299 1531 4337 vox
1578 4279 1829 4335 dicentes,
1878 4276 1937 4323 ut

358 4409 558 4454 sensus
600 4393 692 4456 sit,
733 4390 1005 4451 dicentes,
1037 4383 1416 4449 Dirumpamus
1455 4373 1666 4430 vincula
1697 4383 1876 4424 eorum
1916 4378 1933 4415 :

358 4489 434 4543 ita
475 4486 639 4541 etiam
671 4483 781 4547 hic,
817 4478 952 4533 Ecce
975 4476 1076 4545 ipsi
1100 4477 1377 4544 loquentur
1401 4471 1453 4523 in
1485 4482 1575 4521 ore
1598 4481 1715 4525 suo,
1744 4473 1793 4515 et
1813 4459 1932 4529 gla-

356 4577 476 4631 dius
504 4576 560 4628 in
589 4572 747 4626 labiis
789 4584 969 4625 eorum
1004 4580 1021 4618 :
1074 4563 1322 4634 quoniam
1374 4561 1493 4629 quis
1540 4553 1784 4609 audivit?
1822 4551 1933 4605 Ex-

355 4664 609 4737 pressius
673 4668 855 4715 autem
904 4658 959 4711 in
1003 4655 1215 4727 psalmo
1268 4648 1690 4721 quadragesimo
1737 4651 1934 4713 quarto

358 4732 768 4817 adnotavimus,
799 4751 945 4805 sicut
973 4743 1318 4803 consuetudo
1346 4750 1431 4797 est
1453 4737 1760 4807 PrOphetaa,
1789 4732 1931 4786 istud

354 4849 495 4903 dixit
538 4858 594 4902 et
635 4846 834 4906 dicens,
876 4848 932 4897 et
971 4839 1017 4907 si
1042 4836 1175 4908 quid
1202 4836 1275 4891 sit
1311 4829 1643 4894 istiusmodi,
1681 4841 1777 4896 per
1812 4823 1936 4878 reti-

359 4940 595 4996 centiam
617 4936 768 5007 poni.
806 4932 934 4987 Vult
959 4931 1105 4986 enim
1136 4927 1204 4982 de
1238 4926 1375 4996 ipsis
1410 4923 1615 4980 dicere,
1669 4913 1933 4988 quasidi-

358 5040 525 5088 cant:
566 5028 787 5083 Minime
826 5022 1154 5094 supplicium
1208 5015 1644 5077 formidavimus,
1695 5010 1788 5066 sed
1834 5023 1934 5078 pro

359 5123 504 5178 virili
544 5122 600 5176 in
637 5120 788 5189 ipsos
831 5114 1116 5174 irruimus,
1157 5125 1253 5165 eos
1295 5107 1612 5162 occidentes
1635 5112 1690 5157 ct
1726 5101 1933 5155 interli-

358 5217 567 5272 cientes
602 5229 616 5266 :
652 5208 781 5263 dum
816 5205 961 5263 enim
1006 5204 1169 5258 etiam
1214 5199 1383 5254 multa
1433 5196 1540 5249 alia
1583 5194 1929 5252 fecissemus,

356 5304 483 5377 quis
521 5298 729 5358 audivit
753 5312 849 5354 eos
883 5291 1199 5367 gementes?
1233 5290 1318 5344 vel
1350 5284 1587 5342 attendit
1621 5284 1755 5353 ipsis
1788 5281 1934 5348 inju-

359 5375 437 5453 ria
473 5392 791 5467 oppressis?
822 5391 907 5445 vel
928 5389 1053 5460 quis
1081 5387 1227 5441 ultus
1252 5393 1336 5438 est
1367 5378 1788 5435 interfectores?
1814 5375 1932 5431 Non

355 5489 515 5560 quasi
543 5488 658 5541 haec
702 5484 928 5538 omnino
957 5477 1199 5534 dixerint
1238 5474 1481 5536 inimici,
1520 5472 1615 5527 sed
1646 5488 1676 5525 a
1718 5486 1774 5525 re
1815 5471 1931 5538 ipsa

358 5598 458 5654 pro
503 5596 601 5635 sua
658 5574 1062 5633 consuetudine
1118 5569 1261 5625 istud
1303 5568 1440 5620 dixit
1473 5580 1718 5636 ponens;
1755 5563 1933 5620 simile

356 5676 503 5731 enim
520 5679 605 5728 cst
627 5672 739 5737 isti,
762 5670 909 5724 Dixit
934 5668 1070 5723 enim
1094 5667 1148 5719 in
1174 5663 1332 5717 corde
1361 5679 1456 5717 suo
1475 5678 1491 5715 :
1509 5662 1633 5717 Non
1667 5660 1924 5730 requiret;

2038 3186 2215 3241 Αὐτοὶ
2247 3187 2364 3256 μὲν
2401 3186 2807 3245 ἀποϐλύζουσι
2856 3184 2980 3251 τοῖς
3021 3186 3321 3254 στόμασιν
3373 3180 3629 3246 ἑαυτῶν,

2043 3279 2141 3331 καὶ
2178 3279 2259 3344 ὠς
2281 3277 2583 3347 μαχαίρας
2614 3274 2739 3341 τοῖς
2780 3276 3052 3344 χείλεσιν
3078 3272 3295 3328 αὐτῶν.
3334 3269 3633 3325 Κάνταῦθα

2042 3368 2151 3439 γὰρ
2193 3366 2446 3438 ἐνήλλαξε
2485 3366 2577 3419 τὸν
2631 3364 2842 3436 χρόνον,
2901 3362 3161 3433 μέλλοντα
3214 3358 3451 3431 εἰρηκὼς
3504 3356 3633 3410 ἀντὶ

2040 3454 2136 3507 τοῦ
2166 3453 2475 3517 ἐνεστῶτος,
2506 3453 2671 3506 Αὐτοὶ
2703 3452 2831 3523 γὰρ,
2860 3451 3014 3522 φησὶ,
3053 3450 3377 3519 φθέγγονται
3406 3448 3633 3519 ῥήματα

2039 3544 2126 3599 διὰ
2151 3544 2245 3598 τοῦ
2276 3545 2541 3614 στόματος
2566 3541 2747 3598 αὐτῶν
2779 3541 2873 3594 καὶ
2910 3540 3018 3593 τῶν
3046 3540 3268 3610 χειλέων
3295 3540 3477 3608 πάσης
3512 3536 3631 3607 χείο

2042 3653 2173 3707 ρονα
2203 3635 2494 3706 μαχαίρας,
2527 3636 2619 3687 καὶ
2646 3633 2843 3695 παντὸς
2867 3632 3051 3701 ξίφους
3076 3628 3434 3700 εὐτονώτερον
3459 3630 3635 3699 πλήτν

2040 3745 2152 3782 τειν
2182 3727 2474 3797 δυνάμενα.
2499 3727 2620 3780 Ὅτι
2648 3725 2741 3791 τίς
2770 3724 3078 3792 ἧκουσεν;
3116 3722 3236 3775 ἀντὶ
3263 3721 3379 3787 τοῦ,
3414 3721 3630 3784 Οὐδείς.

2044 3821 2198 3874 Ἔστι
2238 3821 2297 3874 δὲ
2330 3818 2608 3873 κάνταῦθα
2654 3818 2735 3880 τὸ,
2766 3816 3034 3884 λέγοντες,
3060 3814 3169 3869 ἀπὸ
3196 3812 3375 3867 κοινοῦ
3405 3813 3634 3884 νοούμε-

2040 3934 2149 3981 νον,
2182 3917 2259 3979 ώς
2305 3916 2447 3970 κατὰ
2493 3912 2870 3984 ἀποσιώπησιν
2914 3911 3202 3983 εἰρημένον
3232 3911 3309 3981 τῷ
3336 3913 3628 3983 προφήτῃ·

2039 4009 2150 4067 οἷον
2179 4014 2272 4067 καὶ
2307 4014 2366 4065 ὲν
2412 4013 2489 4082 τῷ
2526 4010 2760 4081 δευτέρῳ
2790 4008 2986 4080 ψαλμῷ
3023 4008 3103 4073 τὸ,
3137 4006 3538 4075 Παρέστησαν
3573 4009 3633 4061 οι

2034 4111 2316 4176 βασιλεῖς
2347 4108 2459 4177 τῆς
2491 4108 2625 4178 τῆς,
2661 4108 2761 4161 καὶ
2797 4111 2849 4161 οἱ
2893 4107 3180 4176 ἄρχοντες
3222 4103 3633 4177 συνήχθησαν

2039 4210 2136 4263 ἐπὶ
2184 4209 2250 4261 τὸ
2283 4205 2429 4261 αὐτὸ
2459 4206 2609 4260 κατὰ
2646 4205 2754 4259 τοῦ
2791 4205 3014 4271 Κυρίου
3040 4203 3136 4255 καὶ
3166 4199 3316 4254 κατὰ
3351 4199 3458 4254 τοῦ
3488 4201 3628 4267 Χρι-

2039 4306 2191 4358 στοῦ
2227 4302 2435 4357 αὐτοῦ·
2466 4301 2883 4370 Διαρῤήξωμεν
2922 4298 3065 4363 τοὺς
3095 4296 3359 4366 δεσμοὺς
3404 4295 3627 4358 αὐτῶν,

1971 4424 2013 4478 ι)
2041 4402 2140 4455 καὶ
2188 4403 2614 4471 ἀπορῤἱψωμεν
2665 4399 2765 4467 ἀφ’
2811 4394 2979 4465 ἡμῶν
3024 4395 3131 4448 τὸν
3175 4392 3354 4463 ζυγὸν
3389 4391 3623 4447 αὐτῶν·

2035 4499 2143 4551 ἀπὺ
2172 4497 2351 4550 κοινοῦ
2379 4498 2488 4568 γὰρ
2519 4497 2681 4549 κάκεῖ
2722 4495 2860 4548 κατὰ
2903 4492 3283 4561 ἀποσιώπησιν
3320 4493 3517 4543 νοεῖται
3541 4491 3626 4553 τὸ,

2035 4595 2280 4663 λέγοντες
2304 4611 2321 4625 ν
2369 4594 2458 4646 ἵνα
2582 4592 2862 4659 Δέγοντες·
2897 4588 3315 4658 Διαρῤήξωμεν
3357 4589 3489 4651 τοὺς
3531 4585 3623 4638 61-:-

2034 4692 2229 4760 σμοὺς
2274 4690 2491 4747 αὐτῶν.
2537 4689 2722 4752 Οὕτως
2773 4683 2865 4741 οὖν
2920 4686 3232 4750 κάνταῦθα,
3275 4684 3417 4740 Ἰδοὺ
3453 4685 3625 4739 αὐτοὶ

2034 4788 2508 4857 ἀποφθέγξονται
2536 4787 2606 4839 ἐν
2632 4783 2710 4848 τῷ
2732 4786 2981 4853 στόματι
2999 4780 3219 4844 αὐτῶν,
3240 4780 3339 4833 καὶ
3356 4780 3625 4848 ῥομφαία

2032 4886 2105 4939 ἐν
2136 4885 2261 4953 τοῖς
2290 4886 2565 4956 χείλεσιν
2595 4880 2823 4936 αὐτῶν·
2858 4880 2948 4933 ὅτι
2976 4880 3067 4945 τις
3094 4878 3400 4946 ἧκουσεν;
3444 4880 3624 4947 Ἀκρι-

2035 4981 2288 5053 6ἐστερον
2333 4981 2388 5033 δὲ
2431 4982 2488 5032 ὲν
2532 4978 2611 5048 τῷ
2651 4977 2731 5048 μδ¹
2783 4975 2984 5046 ψαλμῷ
3023 4972 3516 5044 ὲπεσημηνὰμεθα,
3548 4974 3625 5035 ὡς

2033 5078 2153 5144 ἔθος
2178 5078 2257 5150 τῷ
2282 5078 2555 5149 προφήτῃ,
2578 5076 2659 5137 τὸ,
2686 5073 2841 5140 Εἰπὲ,
2864 5072 2977 5135 καὶ,
3007 5071 3214 5140 Λέγων,
3244 5071 3337 5122 καὶ
3365 5068 3417 5121 εί
3441 5087 3493 5123 τι
3515 5086 3626 5123 τοι-

2032 5176 2207 5242 οῦτον,
2231 5174 2370 5231 κατὰ
2394 5170 2771 5241 ἀποσιώπησιν
2809 5168 3033 5223 τιθέναι.
3060 5166 3315 5222 Βούλεται
3350 5165 3459 5237 γὰρ
3496 5166 3627 5237 περὶ

2033 5274 2212 5331 αὐτῶν
2231 5274 2424 5336 εἰπεῖν,
2441 5271 2522 5323 ὅτι
2536 5267 2718 5337 φασίν·
2734 5267 2809 5319 Οὐ
2823 5264 3068 5338 προσῆκε
3082 5264 3311 5319 δεδιέναι
3332 5263 3621 5333 τιμωρίαν,

2032 5369 2148 5424 ἀλλ’
2182 5366 2463 5438 ὲπιϐὦμεν
2504 5365 2687 5427 αὐτοῖς
2720 5363 2820 5433 ὅση
2859 5359 3113 5430 δύναμις,
3150 5358 3496 5429 ἀναιροῦντες
3529 5358 3622 5412 καὶ

2032 5466 2504 5535 κατασφάττοντες
2527 5476 2542 5491 ·
2574 5459 2746 5514 πολλὰ
2777 5459 2887 5530 γὰρ
2920 5459 3013 5517 καὶ
3051 5457 3215 5532 ἔτερα
3248 5455 3623 5526 πεποιηκόων

2031 5567 2065 5635 ὴ
2075 5564 2211 5636 μῶν,
2230 5563 2311 5626 τίς
2326 5562 2459 5632 ήκου
2467 5576 2556 5613 σεν
2571 5556 2752 5611 αὐτῶν
2767 5553 3157 5619 στεναζόντων;
3177 5552 3210 5624 ἢ
3226 5552 3307 5614 τίς
3325 5551 3622 5622 προσέσχεν

2033 5662 2215 5725 αὐτοῖς
2242 5655 2646 5729 ἀδικουμένοις;
2684 5653 2717 5727 ἦ
2750 5652 2833 5718 τίς
2859 5651 3135 5727 ἐπήμυνεν
3175 5646 3620 5721 ἀναιρουμένοιςὶ
