3834 6224
205 279 307 337 68!
1419 287 1502 339 EX
1517 285 1786 342 [‘OSITIO
1827 288 1892 342 IN
1923 289 2262 351 PSALMOS.
3363 305 3469 368 633

204 399 328 470 Οὐχ*
363 399 444 451 ὅτι
474 398 631 452 τοῦτο
679 399 863 469 ἔλεγον
909 401 1125 464 πάντως
1173 401 1221 454 οἱ
1266 404 1482 473 ἐχθροί·
1531 403 1646 455 ἀλλ’
1685 404 1776 455 ἀπὶ

1894 421 1949 460 et
1983 409 2094 473 isti,
2132 410 2268 476 Quis
2309 412 2503 466 videbit
2529 431 2619 468 eos
2647 414 2822 486 (Psul.
2858 417 3131 486 1.1111,6)?
3165 419 3305 474 idem
3324 421 3470 478 enim

190 490 297 563 :toii
327 492 654 563 πράγματος
699 493 841 546 κατὰ
883 493 944 546 τὸ
991 496 1187 546 οἰκεῖον
1215 493 1336 557 ἔθος
1377 494 1434 547 τὸ
1467 490 1598 547 εἶπε
1623 495 1776 546 τεθει⁴

1896 499 2002 553 hoc
2043 503 2163 556 loco
2192 502 2304 557 vult
2332 505 2534 563 dicere.
2579 508 2852 574 Quoniam
2878 511 2959 565 sic
2982 512 3164 566 omnia
3193 524 3383 582 agunt,
3409 527 3476 570 ac

204 581 314 646 κὼς
333 599 347 613 ο
375 583 558 653 ὅμοιον
587 583 695 654 γάρ
730 583 848 636 ἐστι
887 583 984 654 τῷ,
1012 580 1159 646 Εἶπε
1191 585 1301 652 γὰρ
1326 585 1396 637 ἐν
1429 585 1645 652 καρδίᾳ
1689 588 1776 637 αὐ

1893 592 1939 644 si
1974 608 2134 647 nemo
2159 597 2394 661 audiret,
2413 600 2495 653 vel
2514 617 2701 655 curam
2731 612 2942 670 gereret
2968 619 3156 659 eorum
3177 580 3297 674 quae
3315 606 3473 663 Iiuut.

203 674 332 740 τοῦ,
361 677 474 728 οὐκ
499 672 840 741 ἑκζητήσει·
875 677 967 728 καὶ
1008 675 1086 745 τῷ
1112 715 1127 738 ,
1165 673 1358 729 Εἶπον
1380 692 1394 707 ’
1451 675 1552 744 Τίς
1583 677 1776 745 ὄψεται

1895 681 1949 735 PI
1963 685 2179 753 eprium
2197 698 2378 744 autem
2392 701 2476 746 est
2492 693 2632 746 heati
2649 693 2810 747 David
2818 693 2864 749 is
2877 697 2946 749 ob
2960 695 3062 749 hoc
3078 697 3311 751 maxime
3326 712 3476 764 roga.

201 769 446 832 αὐτούς;
475 767 549 820 Τὸ
579 766 708 821 αὐτὸ
733 769 842 839 γὰρ
867 768 1146 823 κάνταῦθα
1171 771 1344 821 εἰπεῖν
1369 768 1632 838 βούλεται.
1668 770 1792 823 Ὅτι

199 856 374 920 οὕτως
399 856 612 911 ἅπαντα
643 859 993 928 πράττουσιν,
1023 858 1098 923 ὼς
1123 859 1222 912 οὑκ
1242 859 1530 922 ἀκούοντος
1553 857 1788 920 οὐδενὸς,

199 951 320 1004 οὑδὲ
383 951 756 1020 φροντίζοντος
803 951 910 1005 τῶν
970 951 1326 1024 γιγνομένων.
1381 951 1539 1007 Ἰδιον
1581 950 1642 1005 δὲ
1695 950 1786 1004 τοῦ
1835 951 1842 958 ”

202 1043 473 1113 μακαρίου
495 1041 658 1095 Δαϐὶδ
681 1042 740 1096 τὸ
765 1041 854 1097 διὰ
877 1041 1034 1096 τοῦτο
1069 1042 1300 1112 μάλιστα
1328 1044 1497 1101 αίτεῖν
1529 1041 1622 1096 τοῦ
1649 1041 1785 1099 Θεοῦ

196 1135 296 1205 τὴν
327 1134 467 1188 κατὰ
508 1134 616 1187 τῶν
651 1135 1069 1204 ἁμαρτανόντων
1102 1134 1400 1204 τιμωρίαν·
1442 1135 1532 1190 6151
1577 1135 1640 1187 τὸ
1676 1134 1786 1192 τῶν

199 1223 412 1277 πολλῶν
438 1225 496 1277 ἐν
525 1227 644 1288 ταῖς
670 1225 906 1288 ἀδικίαις
937 1224 1279 1293 αἰτιωμένων
1309 1225 1401 1278 τὸν
1430 1225 1581 1289 Θεὸν,
1618 1225 1694 1287 ὡς
1721 1223 1783 1278 οὑ

196 1316 532 1387 προνοοῦντα
588 1316 682 1370 τὸν
711 1317 1016 1386 Δεσπότην·
1073 1315 1261 1387 ὥσπερ
1315 1316 1423 1386 γὰρ
1471 1314 1786 1378 ἀδικοῦντες

195 1409 292 1462 καὶ
321 1409 621 1478 πάσχοντες
653 1408 825 1474 οὐδὲν,
858 1408 1116 1478 τοιαύτην
1147 1411 1258 1472 τοῖς
1284 1408 1496 1470 πολλοῖς
1524 1406 1621 1479 τὴν
1653 1406 1784 1459 ὑπό-

191 1514 342 1551 νοιαν
388 1499 743 1570 ἐργάζονταιο
781 1499 922 1553 οὕτω
966 1501 1390 1571 τιμωρούμενοι,
1433 1499 1498 1552 τὸ
1539 1498 1781 1550 ἐναντίον

192 1592 400 1657 πάντας
445 1591 770 1646 ὑποπτεύειν
816 1592 1312 1663 παρασκευάζουσι.
1366 1591 1646 1643 Δείκνυσιν
1689 1585 1782 1644 οὖν

1890 788 1950 828 re
1965 773 2157 839 Deum,
2179 786 2573 848 utpeccatores
2599 783 2820 852 puniat;
2851 785 2975 854 quia
3004 787 3223 856 plurimi
3258 787 3474 857 injuriis

1893 863 2076 920 aﬂ‘ecti
2108 866 2368 922 incusant
2401 870 2589 936 Deum,
2616 887 2681 926 ac
2710 872 2755 927 si
2787 873 3013 930 minime
3034 876 3296 946 providus
3328 887 3474 933 esset

1895 951 2162 1013 Dominus
2198 976 2214 1012 :
2258 959 2401 1015 sicut
2437 962 2607 1024 enim.
2648 964 2778 1019 dum
2813 965 3152 1036 iniquitatem
3185 968 3470 1032 facientes.

1894 1047 2028 1100 nihil
2053 1049 2357 1116 patiuntur,
2400 1053 2712 1109 istiusmodi
2745 1057 3060 1130 opinionem
3099 1058 3350 1129 plurimis
3384 1061 3471 1116 in-

1891 1151 2128 1209 gerunt;
2190 1143 2262 1196 ita
2318 1144 2448 1200 dum
2497 1148 2825 1217 puniuntur,
2878 1166 3069 1206 omnes
3129 1153 3471 1208 contrarium

1889 1231 2105 1286 faciunt
2137 1236 2374 1305 opinari.
2426 1236 2683 1294 Ostendit
2721 1241 2906 1311 itaque
2936 1259 2996 1298 se
3027 1258 3136 1298 11011
3168 1244 3291 1298 ideo
3323 1245 3471 1314 quod

1887 1321 2100 1390 aliquid
2132 1326 2393 1392 patiatur,
2442 1329 2660 1399 exigere
2700 1341 2758 1384 ut
2791 1330 2858 1386 de
2889 1331 3146 1400 injuriam
3177 1333 3472 1405 irroganti—

1891 1413 1994 1468 bus
2027 1416 2361 1486 supplicium
2384 1430 2658 1486 sumatur,
2702 1422 2796 1477 sed
2836 1430 2892 1476 ut
2924 1423 3237 1481 hominibus
3275 1423 3471 1479 exinde

1891 1506 2085 1559 melior
2125 1508 2195 1562 de
2246 1508 2356 1564 Deo
2400 1513 2589 1581 opinio
2638 1515 2940 1582 ingeratur,
2981 1516 3188 1569 docens
3240 1531 3361 1578 nos,
3411 1523 3470 1569 ut

1887 1596 2075 1649 omnia
2105 1597 2174 1653 ad
2205 1598 2299 1654 Dei
2328 1603 2557 1671 gloriam
2590 1608 2850 1674 perlicere
2881 1616 3218 1677 satagamus.

189 1682 381 1737 ἑαυτὸν
409 1683 469 1736 οὑ
501 1682 592 1736 διὰ
623 1682 683 1735 τό
722 1699 776 1734 τι
808 1682 1018 1747 παθεῖν,
1050 1681 1141 1735 τὸν
1187 1681 1328 1736 κατὰ
1373 1680 1482 1733 τῶν
1519 1678 1846 1735 ἀδικούντων
1883 1685 2139 1742 αἰτοῦντα
2165 1692 2453 1765 τιμωρίαν,
2478 1694 2594 1750 ἀλλ’
2639 1697 2778 1750 ὥστε
2840 1699 3122 1768 κρείττονα
3189 1699 3319 1767 περὶ
3370 1697 3467 1752 τοῦ

185 1772 326 1826 Θεοῦ
391 1777 501 1836 τοῖς
542 1772 848 1844 ἀνθρώποις
904 1772 1153 1826 ἐντεῦθεν
1198 1770 1516 1841 ἐγγενέσθαι
1564 1770 1664 1842 τὴν
1703 1769 1991 1843 ὑπόληψιν,
2066 1779 2216 1849 ἡμᾶς
2289 1783 2594 1852 παιδεύων,
2632 1786 2721 1840 διὰ
2761 1787 2982 1845 πάντων
3029 1789 3090 1842 τὸ
3130 1789 3266 1860 πρὸς
3310 1785 3469 1854 δόξαν

187 1867 326 1922 Θεοῦ
359 1865 646 1921 συντελοῦν
681 1865 980 1938 ἐπιζητεῖν.

264 1962 412 2032 Στίχ.
445 1961 531 2032 ιβ’.
548 1991 620 2000 -—
639 1962 776 2014 Κατ’
797 1961 1064 2033 ἐρώτησιν
1085 1961 1482 2030 ἀναγνωστέον.
1500 1961 1644 2015 Ἀντί
1664 1958 1776 2012 τοῦ·

1955 1957 2120 2019 Vens.
2163 1963 2253 2021 12.
2275 1997 2344 2006 --
2368 1965 2468 2022 Per
2491 1968 2980 2040 interrogationem
3007 1970 3112 2027 hoc
3148 1973 3463 2044 legendum.

187 2055 398 2108 Ἀλλὀὺ
422 2054 496 2126 μὴ
512 2053 706 2117 αὑτοὺς
723 2052 1213 2128 ἀποκτείνῃς,ῶστε
1232 2054 1306 2126 μὴ
1322 2052 1670 2110 ἐπιλαθέσθαι
1686 2049 1780 2105 τοῦ

187 2149 356 2217 νόμου
385 2165 509 2212 σονς
532 2146 694 2207 ῶστε,
727 2147 910 2218 φησὶν,
935 2146 1058 2199 οῦτε
1075 2146 1164 2201 διὰ
1189 2147 1343 2201 τοῦτο
1368 2143 1478 2200 οἶόν
1501 2163 1557 2199 τε
1585 2148 1782 2208 αὐτοὺς

187 2256 250 2294 κε
261 2239 447 2309 ρδάναι
475 2238 573 2309 τὴν
596 2239 885 2308 τιμωρίαν.
916 2240 979 2291 ’Ὀ
1003 2239 1058 2291 δὲ
1076 2239 1222 2307 λέγει
1243 2238 1481 2292 τοιοῦτόν
1503 2241 1637 2292 ἐστι·
1667 2235 1780 2308 Πρὸ

186 2331 291 2402 τῆς
323 2330 416 2384 τοῦ
453 2330 721 2383 Δεσπότου
752 2329 988 2400 Χριστοῦ
1019 2331 1319 2401 παρουτίας
1349 2330 1447 2402 τὴν
1473 2329 1778 2400 προσήκου-

189 2441 311 2488 σαν,
349 2425 442 2477 καὶ
491 2420 704 2474 τελείαν
749 2420 929 2474 πίστιν
973 2422 1101 2492 περὶ
1152 2420 1253 2492 τῆς
1297 2419 1644 2482 ἀναστάσεως
1681 2418 1780 2472 οὑκ

188 2517 430 2587 ἔχοντες,
459 2515 688 2587 ἡγοῦντο
724 2516 847 2577 τοὺς
880 2514 1245 2576 τελευτῶντας
1271 2513 1548 2577 παντελῶς
1579 2512 1670 2566 τοῦ
1700 2509 1778 2565 εἴ·

186 2627 276 2662 ναι
310 2608 466 2670 ἐκτὸς
496 2606 760 2675 γίνεσθαι,
805 2607 900 2660 καὶ
950 2606 1024 2677 μὴ
1076 2606 1332 2659 δύνασθαι
1381 2606 1538 2674 λόγον
1580 2604 1701 2658 τινὰ
1742 2606 1775 2676 ἢ

188 2702 416 2772 μνήμην
447 2698 583 2752 θεοῦ
632 2697 775 2768 ἔχειν
796 2717 808 2730 ·
840 2699 929 2751 6151
971 2697 1128 2752 τοῦτό
1157 2698 1290 2768 φησί
1336 2715 1463 2760 που,
1493 2699 1616 2750 Ὅτι
1666 2698 1778 2750 οὐκ

183 2791 360 2845 ἔστιν
410 2790 480 2841 ἐν
542 2786 622 2854 τῷ
673 2785 909 2853 θανάτῳ
965 2790 998 2841 ό
1048 2789 1443 2857 μνημονεύων
1492 2804 1609 2842 σου
1633 2805 1645 2816 ·
1689 2790 1779 2842 καὶ

184 2882 447 2952 ἀλλαχοῦ,
477 2883 598 2950 Οὐχ
633 2883 689 2935 οἱ
729 2878 927 2948 νεκροὶ
973 2880 1263 2934 ιιὶνέσωσί
1302 2897 1396 2945 σε,
1433 2882 1626 2949 Κύριε.
1671 2881 1778 2933 Καὶ

183 2975 326 3031 ὅλως
359 2973 558 3044 πολλὴν
596 2973 741 3027 ἐστιν
777 2973 953 3042 εὑρεῖν
981 2971 1185 3037 ταύτην
1233 2972 1333 3043 τὴν
1375 2973 1565 3044 χρῆσιν
1605 2975 1662 3024 ἐν
1710 2973 1776 3043 τῇ

183 3067 407 3136 Παλαιᾷ⁴
430 3063 692 3136 Διαθήκῃ.
725 3063 942 3132 Ἐπειδὴ
967 3061 1146 3116 τοίνυν
1175 3063 1251 3126 ὡς
1286 3062 1394 3119 τῶν
1419 3062 1515 3134 μὲν
1547 3061 1778 3116 ἐνταῦθα

183 3155 500 3230 ὑμνούντων
540 3155 628 3209 τὸν
665 3154 817 3218 Θεὸν,
839 3155 948 3208 τῶν
973 3156 1028 3208 δὲ
1063 3157 1126 3208 ἐκ
1159 3155 1265 3209 τῶν
1294 3153 1387 3206 τοῦ
1419 3153 1535 3224 βίου
1561 3153 1778 3223 γινομέ-

183 3269 315 3315 νων,
357 3248 476 3303 οὑδὲ
523 3245 831 3318 μεμνῆσθαι
879 3245 958 3299 ἔτι
1010 3245 1105 3298 τοῦ
1150 3245 1284 3299 Θεοῦ
1319 3241 1428 3299 οἷόν
1468 3263 1526 3298 τε
1573 3245 1774 3309 ὄντων,

181 3341 345 3397 τοῦτό
382 3355 579 3411 φησιν’
628 3338 766 3391 Ἀλλ’
809 3338 908 3392 οὑκ
958 3338 1276 3400 ἀποκτενεῖς
1322 3337 1539 3401 αὐτοὺς,
1587 3337 1772 3408 φησὶν,

182 3433 303 3489 ἀλλ’
331 3430 617 3502 ὑπερθήσῃ
640 3428 738 3500 τὴν
762 3430 880 3481 κατ’
903 3428 1085 3507 αὐτῶν
1117 3427 1406 3498 τιμωρίαν,
1437 3426 1512 3491 ὡς
1541 3428 1606 3481 ἂν
1639 3429 1775 3498 μήτε

182 3523 548 3586 ἀποθανόντες
583 3522 663 3584 εἰς
716 3520 888 3591 λήθην
934 3521 1034 3590 τῆς
1087 3519 1187 3589 σῆς
1236 3518 1440 3572 ἔλθοιεν
1469 3519 1772 3589 δυνάμεως.

197 3615 351 3668 Ἀντὶ
379 3611 472 3668 τοῦ
491 3627 504 3640 ⁸
536 3611 648 3685 Οὐχ
679 3606 790 3663 οἷόν
820 3627 881 3664 τε
923 3609 1048 3664 οὑδὲ
1085 3609 1174 3667 διὰ
1201 3609 1358 3664 τοῦτο
1381 3609 1775 3663 ἀναϐάλλεσθαι

182 3708 286 3781 τὴν
319 3705 615 3776 τιμωρίαν·
648 3705 696 3756 εί
730 3703 828 3773 μὲν
853 3701 963 3774 γὰρ
1005 3702 1313 3774 ἐμέμνηντό
1358 3719 1452 3756 σου
1485 3702 1585 3771 τῆς
1619 3701 1777 3756 δυνά-

186 3817 360 3873 μεως,
386 3800 477 3851 καὶ
505 3798 603 3868 τὴν
639 3794 840 3864 γνῶσιν
872 3791 1017 3865 εἶχον
1055 3795 1154 3865 τὴν
1199 3794 1318 3868 σὴν,
1363 3794 1458 3848 καὶ
1501 3794 1699 3865 ᾔδεσαν
1739 3794 1776 3851 ἃ.

183 3889 464 3964 προσῆκον
501 3883 590 3960 ἦν,
640 3885 786 3948 εἰκὸς
828 3885 916 3938 διὰ
963 3883 1123 3938 τοῦτο
1173 3883 1484 3952 φείσασθαι,
1515 3883 1656 3936 ὥστε
1699 3883 1774 3954 μὴ

182 3982 564 4040 ἀποθανόντων
597 3978 695 4049 τὴν
732 3977 830 4048 σὴν
872 3975 1279 4046 περιαιρεθῆναι
1321 3975 1539 4045 μνήμην
1580 3973 1640 4042 ἐξ
1679 3975 1776 4027 αὑο

181 4076 330 4130 τῶν·
372 4071 560 4142 ἐπειδὴ
596 4071 654 4123 δὲ
682 4067 933 4124 τοσοῦτον
978 4066 1244 4137 ἀπέχουσι
1292 4066 1385 4119 τοῦ
1421 4068 1654 4121 ἐνταῦθὰ
1680 4083 1774 4122 σου

189 4165 569 4241 μνημονεύειν,
601 4162 741 4215 ὥστε
770 4162 846 4223 είς
885 4160 947 4212 τὸ
975 4160 1213 4212 ἐναντίον
1240 4159 1454 4214 ἅπαντα
1490 4159 1770 4230 πράττειν,

185 4261 284 4316 καὶ
324 4259 526 4313 ἀδικεῖν
565 4256 638 4319 ὡς
685 4255 784 4309 οὑκ
825 4251 977 4315 ὄντος
1023 4251 1118 4306 τοῦ
1174 4250 1478 4321 ἐφεστῶτος
1522 4251 1600 4321 τῷ
1636 4250 1769 4322 βίῳο

185 4353 281 4409 καὶ
319 4349 682 4420 διακρίνοντος
731 4345 797 4398 τὰ
845 4342 1194 4414 πραττόμενα
1221 4382 1234 4404 ,
1291 4340 1515 4394 τοιαῦτα
1567 4341 1624 4396 δέ
1681 4341 1775 4397 καὶ

184 4443 366 4511 λέγειν
406 4443 481 4503 ῶς
513 4436 688 4500 οὐδεὶς
717 4437 746 4488 ὁ
776 4433 1007 4494 ἀκούων,
1040 4431 1072 4501 ἢ
1122 4431 1420 4501 φροντίζων
1451 4430 1559 4486 τῶν
1587 4445 1774 4499 γιγνο-

187 4535 387 4607 μένων.
442 4531 550 4586 Καὶ
603 4529 703 4582 οὑκ
757 4526 962 4581 ἔνεστιν
1011 4525 1191 4576 ἐκεῖνα
1241 4522 1553 4591 λογίσασθαι
1593 4521 1628 4576 61
1675 4521 1775 4591 τῆς

1883 2049 2054 2117 Quasi
2085 2053 2235 2110 dicat
2266 2055 2564 2128 :Nunquid
2596 2062 2817 2117 occides
2865 2078 2980 2128 eos,
3022 2080 3090 2118 ne
3133 2066 3466 2123 ohliviscan~

1885 2149 1973 2194 tur
2034 2143 2168 2214 legis
2211 2147 2351 2200 tum?
2401 2148 2477 2204 ita
2537 2162 2619 2215 ut,
2679 2152 2880 2224 inquit,
2949 2170 3126 2224 neque
3171 2168 3463 2228 propterea

1883 2236 2097 2302 possint
2132 2238 2388 2308 supplicii
2426 2241 2644 2297 lucrum
2675 2242 2876 2298 facere.
2920 2245 3073 2310 Quod
3107 2257 3290 2303 autem
3329 2251 3464 2307 dicit

1881 2334 1966 2381 est
2015 2327 2330 2386 istiusmodi
2369 2333 2555 2389 :Ante
2602 2334 2808 2390 Christi
2864 2335 3078 2392 Domini
3141 2341 3460 2404 adventum,

1881 2433 2006 2472 cum
2035 2436 2142 2474 non
2171 2421 2442 2478 haberent
2477 2425 2778 2494 perfectam
2819 2426 2975 2482 ﬁdem
3012 2431 3460 2491 resurrectionis.

1880 2509 2267 2568 existimabant
2302 2515 2594 2572 defunctos
2627 2519 2848 2587 penitus
2893 2521 3211 2584 annihilarl,
3262 2530 3318 2576 et
3351 2538 3461 2580 non

1881 2616 2044 2669 posse
2081 2606 2348 2660 rationem
2400 2607 2642 2677 aliquant
2698 2618 2793 2664 aut
2844 2614 3163 2666 memoriam
3212 2613 3304 2668 Dei
3361 2615 3462 2670 ha-

1881 2691 2045 2760 bere;
2080 2694 2291 2751 idcirco
2320 2698 2452 2752 alibi
2485 2699 2639 2765 dicit,
2669 2701 2935 2768 Quoniam
2961 2721 3063 2756 non
3103 2715 3182 2758 est
3214 2706 3270 2759 in
3294 2717 3463 2765 morte

1877 2784 1967 2852 qui
2009 2801 2207 2840 memor
2240 2791 2309 2842 sit
2354 2791 2431 2843 tui
2463 2789 2639 2846 (Psal.
2671 2808 2744 2857 v1,
2777 2794 2863 2864 6);
2909 2802 2964 2849 et
3018 2797 3129 2849 alio
3159 2797 3298 2858 loco,
3335 2795 3464 2856 Non

1879 2879 2078 2932 mortui
2118 2880 2413 2935 laudabunt
2454 2893 2522 2947 te,
2553 2884 2775 2940 Domine
2818 2885 2995 2955 (Psal.
3050 2888 3347 2956 (231111.17).
3394 2887 3463 2946 Et

1880 2971 2106 3023 omnino
2156 2969 2501 3039 frequentem
2548 2975 2604 3029 in
2643 2975 2820 3031 Veteri
2867 2976 3222 3033 Testamento
3271 2980 3463 3035 istiusv

1881 3059 2027 3113 modi
2075 3077 2232 3116 usum
2271 3063 2531 3134 loquendi
2585 3070 2828 3138 reperire
2877 3070 3024 3124 licet.
3067 3069 3234 3136 Quasi
3278 3073 3463 3144 itaque

1879 3150 1956 3204 illi
2005 3154 2097 3221 qui
2142 3155 2230 3209 hic
2282 3166 2412 3210 sunt
2447 3158 2619 3214 Deum
2671 3158 2981 3224 laudarent,
3025 3161 3080 3215 hi
3123 3178 3257 3217 vero
3293 3164 3388 3235 qui
3429 3182 3463 3220 θ

1881 3243 2022 3298 vivis
2072 3259 2433 3302 excesserunt
2481 3266 2549 3304 ne
2598 3251 2921 3304 memoriam
2954 3253 3175 3320 quidem
3214 3254 3304 3307 Dei
3344 3270 3462 3308 amo

1880 3334 2023 3402 plius
2055 3335 2259 3392 habere
2280 3349 2530 3408 possent,
2563 3340 2670 3394 hoc
2698 3341 2832 3394 dicit
2867 3363 2875 3394 :
2917 3343 3024 3397 Sed
3059 3359 3170 3397 non
3213 3345 3457 3406 occides,

1877 3425 2078 3493 inquit,
2131 3441 2250 3492 eos,
2285 3445 2473 3483 verum
2515 3429 2736 3486 dill‘eres
2765 3433 3101 3502 supplicium
3143 3449 3360 3498 eorum,
3395 3451 3464 3490 no

1877 3514 2135 3573 videlicet
2182 3519 2483 3576 morientes
2519 3522 2573 3576 in
2623 3523 2957 3578 oblivionem
2999 3526 3226 3579 veniant
3269 3535 3464 3596 poten.

1877 3605 1966 3660 tia:
2007 3615 2135 3663 tme.
2197 3608 2367 3675 Quasi
2426 3612 2574 3666 dicat
2606 3632 2619 3671 :
2651 3613 2837 3684 Neque
2900 3629 2995 3684 per
3049 3615 3154 3670 hoc
3203 3625 3463 3686 poterunt

1876 3699 2111 3756 evadere
2140 3703 2474 3772 supplicium
2503 3723 2516 3758 ι
2552 3719 2678 3758 nam
2719 3706 2766 3761 si
2795 3707 3014 3763 virtutis
3051 3716 3158 3761 tuas
3191 3723 3461 3764 memores

1878 3789 2106 3855 fuerint,
2159 3802 2213 3846 et
2267 3796 2518 3848 notitiam
2570 3803 2722 3848 tuam
2769 3796 3082 3862 habuerint,
3129 3806 3184 3852 et
3233 3813 3297 3853 ea
3341 3813 3463 3869 qua:

1876 3885 2288 3940 conveniebant
2324 3888 2711 3958 cognoverint,
2748 3904 2844 3961 par
2869 3898 2954 3944 est
2997 3898 3050 3942 ut
3081 3888 3294 3944 idcirco
3333 3905 3462 3962 paro

1877 3985 2038 4031 catur
2081 3978 2172 4045 iis,
2216 3995 2284 4033 ne
2329 3979 2468 4050 ipsis
2528 3981 2890 4035 morientibus
2937 3982 3201 4036 memoria
3254 3991 3351 4036 tua
3393 3983 3462 4038 ah

1879 4067 1989 4122 illis
2019 4070 2345 4125 auferatur:
2380 4087 2573 4127 verum
2620 4089 2746 4127 cum
2783 4080 2997 4127 tantum
3033 4073 3218 4129 absint
3266 4089 3297 4128 ο
3347 4090 3462 4130 me-

1876 4159 2051 4213 moria
2084 4167 2177 4212 tua
2224 4160 2314 4214 hic
2352 4161 2668 4224 recolenda,
2707 4172 2765 4216 ut
2811 4177 2842 4216 e
2870 4161 3092 4216 diverso
3141 4172 3340 4218 cuncta
3387 4163 3462 4219 fa-

1877 4252 2028 4308 ciant
2061 4262 2170 4307 tam
2211 4253 2419 4324 inique,
2468 4270 2532 4308 ac
2571 4254 2617 4309 si
2665 4269 2829 4309 nemo
2870 4255 2996 4309 huic
3023 4255 3150 4309 vitae
3177 4268 3459 4324 praeesset,

1875 4352 1930 4399 et
1957 4359 2020 4399 ea
2055 4360 2178 4416 quae
2223 4354 2496 4415 geruntur
2529 4345 2893 4415 dijudicaret;
2947 4346 3079 4414 quin
3126 4346 3291 4399 etiam
3330 4345 3461 4402 talia

1877 4435 2088 4500 dicant,
2136 4451 2201 4490 ac
2245 4438 2290 4490 si
2345 4452 2508 4491 nemo
2557 4437 2796 4499 audiret,
2845 4443 2938 4489 aut
2968 4443 3192 4493 curaret
3243 4452 3306 4491 ea
3338 4453 3461 4508 quae

1878 4527 2036 4581 ﬁunt.
2092 4527 2280 4596 Neque
2314 4528 2482 4582 etiam
2535 4527 2629 4582 illa
2682 4528 2810 4582 licet
2839 4527 3086 4598 cogitare
3124 4543 3249 4598 quae
3292 4530 3460 4585 sortis

185 4627 470 4701 βελτίστης
507 4623 614 4678 εἰσὶ
657 4620 849 4691 μοίρας
897 4619 988 4672 καὶ
1020 4616 1118 4686 τῆς
1153 4616 1459 4685 κρείττονος
1504 4615 1632 4697 περὶ
1678 4613 1772 4667 σοῦ

1882 4627 2005 4671 sunt
2055 4617 2276 4686 optimae
2331 4626 2385 4671 et
2431 4617 2674 4672 sanioris
2729 4617 2879 4671 circa
2930 4625 2984 4672 te
3040 4616 3342 4686 opinionis,
3392 4634 3460 4673 ne

182 4718 527 4790 ὑπολήψεως,
559 4714 632 4778 ὡς
670 4713 744 4784 μὴ
783 4711 920 4782 λήθῃ
956 4710 1246 4778 παραδοῖεν
1278 4707 1345 4759 τὰ
1380 4705 1519 4761 κατὰ
1557 4707 1637 4769 σὲ,
1675 4706 1772 4758 θα-

115 4836 118 4838 τ
180 4813 332 4882 νάτῳ
376 4827 436 4863 τε
488 4807 607 4877 ἅμα
646 4802 957 4876 τιμωρῆσαι
1008 4800 1100 4854 καὶ
1155 4798 1426 4860 ποικίλαις
1474 4796 1774 4865 κακώσεσι,

181 4904 279 4959 καὶ
310 4901 533 4962 ταύταις
569 4896 768 4968 μᾶλλον
805 4895 837 4970 ἢ
868 4893 944 4964 τῷ
985 4892 1200 4963 θανάτῳ
1230 4890 1537 4948 ὑποῦαλεῖν.
1574 4889 1632 4944 ’0
1667 4891 1774 4962 γὰρ

181 4992 572 5068 παρελκυσμδς
633 4990 743 5043 τῶν
793 4985 981 5040 δεινῶν
1040 4985 1344 5055 ὑπόμνησιν
1402 4985 1620 5054 ἐμποιεῖ
1667 4983 1775 5037 τῶν

180 5087 488 5163 ἁμαρτιῶν.
518 5084 627 5137 Καὶ
659 5082 814 5137 τοῦτο
845 5079 902 5133 δὲ
933 5077 1181 5150 βούλεται
1212 5077 1300 5132 διὰ
1330 5078 1547 5134 πάντων
1577 5077 1772 5140 εἰπεῖν,

179 5184 266 5238 ὅτι
303 5179 456 5234 οὐδὲν
486 5177 669 5238 αὑτοῖς
709 5173 1001 5248 πρόσεστιν
1029 5169 1196 5238 ἄξιον,
1226 5167 1319 5224 τοῦ
1349 5166 1566 5238 φειδοῦς
1593 5171 1775 5241 τυχεῖν

178 5289 348 5334 τινος.

259 5364 408 5434 Στίχ.
427 5367 590 5430 ιγ’.-
606 5356 824 5428 Ἐπειδὴ
845 5355 913 5410 τὰ
929 5353 1231 5424 γιγνόμενα
1250 5351 1468 5415 πάντως
1487 5349 1580 5403 καὶ
1597 5350 1775 5419 ἀπαγ-

181 5456 485 5529 γέλλονται,
528 5446 787 5512 πολλάκις
816 5447 937 5502 ἀντὶ
964 5443 1060 5498 τοῦ
1099 5442 1424 5513 γιγνομένου
1457 5440 1556 5512 τὴν
1596 5443 1770 5508 ἐπαγ-

180 5551 374 5621 γελίαν
413 5547 583 5615 λέγει.
645 5544 734 5606 Ὠς
771 5541 866 5594 τό·
937 5535 1263 5602 Ἀκουτιεῑς
1284 5551 1362 5604 με
1400 5533 1771 5603 armillam?

180 5642 284 5698 καὶ
318 5638 709 5709 εὐφροσύνην
733 5649 746 5663 ⁸
777 5633 900 5687 ἀντὶ
927 5629 1020 5686 τοῦ
1045 5668 1062 5692 ,
1092 5626 1359 5699 Παρέξεις
1393 5643 1484 5697 μοι
1512 5625 1728 5687 πάντως
1751 5638 1765 5659 ’

182 5735 248 5788 τὸ
290 5733 401 5804 γὰρ
453 5729 796 5801 γιγνόμενον,
858 5721 1018 5776 τοῦτο
1075 5720 1170 5773 καὶ
1225 5720 1500 5776 ἀκουτιεῖν
1555 5716 1769 5789 ἔμελλε.

520 5821 797 5913 fusos.
841 5816 962 5880 Gn.
995 5811 1218 5878 LXVI.

1874 4709 2139 4769 oblivioni
2191 4709 2406 4762 tradant
2459 4725 2524 4765 ea
2556 4726 2680 4780 qua:
2727 4709 2797 4764 ad
2851 4719 2901 4764 te
2955 4716 3229 4780 spectant,
3277 4719 3458 4766 morte

1875 4802 2042 4857 simul
2077 4817 2144 4855 ac
2173 4801 2412 4858 diversis
2460 4803 2620 4858 malis
2647 4802 2798 4869 ipsos
2834 4802 2989 4872 puni,
3023 4811 3185 4873 atque
3231 4802 3319 4858 his
3354 4818 3454 4881 po.

1874 4892 1986 4946 tius
2029 4907 2194 4961 quam
2241 4892 2404 4947 morti
2457 4893 2846 4962 subjiciantur.
2893 4891 3131 4948 Tractus
3184 4894 3459 4964 siquidem

1879 4983 2258 5038 molestiarum
2309 4984 2631 5038 memoriam
2680 4983 2906 5040 reiricat
2942 4993 3316 5055 peccatorum.
3363 4987 3462 5048 At.

1877 5089 1986 5143 que
2021 5073 2125 5128 hoc
2145 5087 2243 5142 per
2268 5073 2456 5128 omnia
2483 5075 2602 5127 vult
2634 5074 2842 5139 dicere,
2872 5072 3021 5148 quod
3055 5073 3192 5128 nihil
3234 5074 3288 5134 in
3321 5075 3462 5150 ipsis

1876 5166 1950 5221 sit
1981 5166 2127 5236 quod
2155 5166 2397 5237 aliquam
2435 5163 2830 5236 indulgentiam
2859 5175 3156 5224 mereatur.

1944 5345 2113 5407 Vens.
2171 5343 2665 5413 l3.--Quoniam
2724 5361 2788 5400 ea
2850 5360 2973 5415 qua:
3031 5345 3169 5399 ﬁunt
3234 5341 3462 5401 omnino

1871 5439 2037 5493 etiam
2073 5435 2496 5503 annuntiantur,
2553 5433 2876 5505 frequenter
2910 5449 3009 5506 pro
3041 5433 3188 5488 iacto
3239 5447 3462 5488 annun-

1880 5527 2165 5581 tiationcm
2199 5525 2353 5581 dicit.
2390 5526 2452 5581 V.
2488 5541 2542 5596 g.
2577 5525 2778 5580 Audire
2825 5542 2906 5580 me
2940 5525 3102 5595 [acies
3149 5523 3463 5577 exsultatio-

1877 5639 1996 5677 nem
2045 5629 2095 5674 et
2142 5619 2384 5676 lwtiliam
2435 5618 2610 5692 (Psal.
2663 5635 2715 5686 1.,
2753 5619 2882 5687 l0);
2932 5617 2986 5672 id
3037 5625 3146 5682 est,
3193 5614 3463 5685 prabehis

1860 5714 2108 5791 cumino
2150 5713 2287 5772 mihi
2320 5731 2333 5770 :
2368 5727 2496 5771 nam
2547 5713 2601 5769 id
2633 5713 2782 5788 quod
2829 5712 3020 5779 ﬁebat,
3055 5709 3299 5764 futurum
3342 5714 3463 5766 erat

3048 5803 3130 5870 23
