3834 6224
449 267 555 320 685

1603 260 1952 318 THEODORI
1982 256 2467 317 MOPSUESTENI

3599 261 3697 315 C8;

449 398 511 442 ιιι
544 385 722 440 audiri
762 383 990 438 faceret.
1028 382 1142 438 Hoc
1171 385 1294 438 loco
1331 385 1499 455 igitur
1531 386 1696 440 etiam
1731 383 1886 447 illud,
1909 382 2020 436 An-

2132 381 2421 436 Κάνταῦθα
2463 375 2555 433 οὖν
2588 379 2666 442 τὸ,
2704 377 3207 448 Διααηηελήσονται
3242 379 3310 432 ἐν
3346 382 3700 446 συντελείᾳ,

450 478 833 533 nuntiabuntur
863 476 915 528 in
939 476 1411 539 consummatione,
1443 473 1495 529 id
1525 483 1610 530 est
1631 475 1825 529 Erunt.
1852 473 2022 529 Exse-

450 571 750 626 crationem
791 581 921 621 vero
977 575 1030 620 et
1083 566 1428 622 mendacium
1476 575 1634 620 vocat
1677 582 1738 620 ea
1794 580 1918 635 qua:
1955 564 2025 618 ab

452 663 590 733 ipsis
641 663 859 720 Iiehant,
897 667 1086 726 utpote
1133 657 1404 712 mendacii
1448 657 1611 726 plena
1662 667 1828 726 atque
1870 670 2026 710 exse-

451 753 695 808 cratione
724 750 907 819 digna.
944 747 1018 800 Ex
1051 747 1137 802 his
1172 748 1361 818 igitur,
1403 747 1604 816 inquit,
1637 763 1758 817 quae
1788 746 2020 811 faciunt,

449 860 516 898 ex
561 842 757 896 iisdem
793 839 1350 900 consummabuntur,
1396 846 1450 892 et
1481 839 1782 894 morientur
1813 857 1828 893 :
1857 837 2027 908 siqui-

450 937 575 989 dem
622 935 735 987 haec
791 931 926 1001 ipsis
981 944 1148 984 causa
1199 938 1363 984 erunt
1403 929 1906 984 consummationis
1960 941 2023 982 ac

450 1024 665 1079 mortis.
710 1020 1016 1089 Utrobique
1065 1027 1244 1073 autem
1304 1019 1412 1074 sibi
1463 1020 1566 1088 ipsi
1615 1027 1907 1084 consonat,
1957 1034 2020 1073 ex

449 1112 699 1167 moribus
727 1109 878 1178 ipsos
903 1107 1097 1176 majori
1122 1106 1394 1176 supplicio
1422 1107 1618 1177 dignos
1645 1107 2025 1162 demonstrare

450 1204 675 1268 volens;
718 1202 797 1255 sic
830 1200 974 1253 enim
1029 1200 1105 1251 ait
1138 1217 1151 1252 :
1182 1198 1298 1253 Non
1333 1198 1459 1252 licet
1494 1197 1627 1268 ipsis
1660 1213 1691 1253 a
1728 1207 1780 1254 te
1813 1200 2024 1269 suppli-

450 1295 522 1350 cii
559 1295 770 1349 lucrum
807 1291 1008 1354 facere,
1058 1292 1218 1361 quasi
1252 1292 1326 1344 tui
1380 1306 1654 1348 memores
1689 1301 1896 1356 essent,
1929 1301 2023 1346 aut

439 1397 504 1442 -te
553 1393 995 1456 cognoscerent:
1032 1383 1292 1452 quoniam
1338 1383 1440 1437 hoc
1487 1384 1608 1452 ipso
1649 1383 1832 1453 potius
1865 1398 2022 1453 poena

450 1479 599 1547 digni
623 1483 912 1546 apparent,
951 1484 1178 1544 propter
1209 1490 1271 1528 ea
1318 1490 1438 1544 quae
1465 1475 1656 1529 dicunt
1686 1485 1738 1530 et
1766 1474 1976 1530 faciunt
2006 1495 2019 1530 :

449 1568 564 1623 haec
605 1568 754 1621 enim
805 1565 1041 1619 maxime
1087 1567 1461 1620 necessarium
1514 1566 1648 1634 ipsis
1697 1565 2022 1636 supplicium

435 1659 725 1725 ~aﬂ'erunt;
755 1657 1000 1726 quinimo
1029 1657 1196 1709 etiam
1223 1656 1765 1712 consummationem.

2128 473 2248 526 ἀντὶ
2279 472 2372 526 τοῦ
2405 473 2676 525 Ἔσονται.
2699 472 2751 522 Ἀ
2764 473 2862 541 ράν
2889 471 2944 522 δὲ
2974 471 3064 523 καὶ
3083 469 3276 539 ψεῦδος
3297 471 3454 523 καλεῖ
3480 471 3551 524 τά
3579 475 3702 542 παρ’

2127 564 2350 616 ἐκείνων
2383 562 2680 632 γιγνόμενα
2703 601 2717 624 ,
2749 561 2826 624 ὡς
2861 561 3090 631 ψεύδους
3131 561 3304 631 μεστά
3330 561 3426 615 καὶ
3458 563 3706 632 κατάρας

2128 654 2273 718 ἀξια.
2331 653 2469 724 ,Ἀπὸ
2523 653 2702 706 τοίνυν
2749 652 2977 717 τούτων,
3011 654 3196 722 φησὶν,
3229 647 3304 706 ὧν
3343 653 3707 723 πράττουσιν,

2126 748 2233 800 ἀπὸ
2281 747 2487 800 τούτων
2527 745 3074 817 συντελεσθήσονται,
3117 747 3208 800 καὶ
3256 745 3669 799 ἀποθανοῦνται
3694 762 3707 775 ·

2122 837 2298 891 ταῦτα
2335 837 2444 908 γὰρ
2486 837 2668 899 αὐτοῖς
2706 837 2805 907 τῆς
2842 837 3153 901 συντελείας
3183 837 3336 890 ἐσται
3365 837 3459 890 καὶ
3483 836 3584 889 τοῦ
3611 837 3710 890 θα-

2127 931 2286 985 νάτου
2320 931 2386 983 τὰ
2415 931 2586 984 αἴτια.
2616 931 2692 984 Δι’
2721 932 2842 984 ὅλου
2876 932 2933 985 δέ
2966 932 3145 1003 ἐαυτῷ
3176 933 3570 1002 ἠκολούθησεν,
3599 933 3716 986 ἀπὸ

2125 1019 2220 1073 τοῦ
2254 1021 2458 1091 τρόπου
2501 1021 2744 1091 μείζονος
2774 1023 2973 1086 αὐτοὺς
3005 1023 3278 1094 τιμωρίας
3315 1022 3502 1086 ἀξίους
3535 1022 3710 1086 δεῖξαι

2129 1110 2470 1181 βουλόμενος.
2510 1111 2667 1165 Οὕτω
2711 1113 2819 1183 γάρ
2855 1127 3055 1182 φησιν’
3108 1113 3222 1166 Οὐκ
3257 1114 3466 1166 ἔνεστιν
3503 1115 3711 1177 αὐτοὺς

2127 1201 2383 1274 κερδάναι
2425 1203 2526 1273 τὴν
2567 1203 2719 1274 παρὰ
2749 1203 2843 1255 σοῦ
2888 1205 3178 1274 τιμωρίαν,
3215 1205 3292 1268 ὡς
3319 1206 3711 1275 μεμνημένους

2129 1312 2242 1357 σου,
2271 1295 2304 1366 ἢ
2338 1295 2544 1358 εἰδότας
2567 1313 2626 1348 σε
2648 1313 2662 1326 ’
2687 1297 2771 1350 ὅτι
2794 1295 2838 1348 δ’
2861 1298 2991 1350 αὐτὸ
3018 1297 3172 1350 τοῦτο
3196 1298 3396 1369 μᾶλλον
3422 1299 3565 1365 ἄξιοι
3590 1299 3711 1367 φαί-

2126 1403 2305 1441 νονται
2354 1387 2657 1458 τιμωρίας,
2694 1389 2786 1457 ἀφ’
2830 1382 2904 1442 ὧν
2947 1388 3165 1458 λέγουσί
3212 1407 3271 1442 τε
3320 1391 3414 1444 καὶ
3449 1389 3706 1444 ποιοῦσι·

2123 1477 2298 1532 ταῦτα
2349 1478 2458 1550 γὰρ
2509 1478 2745 1550 μάλιστα
2793 1481 3100 1548 ἀναγκαίαν
3138 1483 3318 1546 αὐτοῖς
3363 1484 3564 1551 ἐπάγει
3607 1483 3709 1553 τὴν

2125 1569 2395 1640 τιμωρίαν
2419 1586 2432 1600 ·
2469 1569 2549 1622 ἐτι
2582 1570 2638 1624 δὲ
2669 1572 2763 1624 καὶ
2797 1573 2895 1632 τὴν
2937 1573 3272 1627 συντέλειαν.

524 1749 692 1804 Veiis.
726 1749 812 1803 14.
835 1779 898 1791 --
924 1747 991 1800 Ει
1019 1747 1278 1818 quoniam
1309 1763 1451 1817 sazpe
1482 1749 1642 1802 nobis
1668 1748 2022 1818 exprobrant,

2199 1749 2349 1819 Στίχ.
2383 1748 2462 1804 ιδ’.
2497 1781 2560 1792 -
2591 1752 2701 1804 Καὶ
2731 1751 2919 1823 ἐπειδὴ
2962 1751 3220 1815 πολλάκις
3255 1755 3390 1822 ἡμῖν
3412 1752 3705 1816 ὀνειδίζοι).

452 1845 598 1918 quod
633 1842 957 1915 praefectura
997 1851 1088 1895 tua
1140 1840 1363 1893 tninime
1407 1839 1555 1910 digni
1602 1839 1773 1894 habiti
1822 1840 2020 1902 simus,

447 1947 504 1993 et
537 1937 743 1992 idcirco
772 1933 1006 1988 maxime
1029 1931 1345 1986 indecenter
1369 1931 1634 1986 adversus
1675 1947 1776 1986 nos
1809 1931 2027 1986 insidiis

451 2030 536 2084 usi
573 2036 740 2094 sunt;
767 2042 833 2081 ex
882 2025 1153 2094 supplicio
1180 2024 1300 2093 ipso
1339 2032 1692 2093 cognoscent,
1738 2022 1882 2092 quod
1914 2039 2025 2077 non

450 2122 628 2176 solum
682 2126 886 2180 noster,
944 2116 1038 2170 sed
1091 2116 1363 2170 universa:
1403 2131 1621 2185 quoque
1667 2122 1827 2170 terrae
1858 2113 2024 2172 herus

449 2213 526 2267 sis
558 2225 622 2265 ac
651 2208 914 2264 Dominus
941 2227 952 2261 :
991 2215 1218 2277 propter
1249 2207 1350 2261 hoc
1380 2206 1597 2260 vindica
1634 2221 1736 2261 nos
1759 2214 2022 2275 quantum

446 2303 714 2367 volueris,
756 2317 852 2358 eos
881 2300 974 2370 qui
1010 2300 1266 2370 injuriam
1300 2299 1460 2354 nobis
1485 2297 1696 2353 faciunt
1725 2295 2021 2366 puniendo.

447 2393 730 2466 Expressit
754 2399 938 2446 autem
970 2398 1142 2444 totum
1175 2401 1580 2460 consequenter
1609 2389 1674 2443 ad
1703 2389 1808 2444 ista
1831 2388 2020 2452 verba,

450 2485 536 2540 Ne
570 2483 782 2538 occidas
833 2498 921 2536 eos
949 2497 967 2534 :
1002 2479 1199 2534 deinde
1245 2495 1309 2534 ex
1363 2478 1742 2548 superioribus
1793 2477 2024 2534 resumit

448 2584 643 2631 contra
684 2575 806 2628 illos
839 2571 1295 2632 exsecrationem,
1336 2579 1386 2624 et
1422 2571 1498 2623 ait
1527 2589 1540 2624 :

520 2665 690 2720 Vens.
724 2663 812 2718 15.
839 2692 903 2702 —-
928 2660 987 2716 ld
1019 2660 1166 2731 quod
1191 2660 1445 2730 superius
1477 2660 1613 2730 ipsis
1641 2659 2025 2730 exprobrando

449 2756 685 2820 dixerat,
721 2754 824 2807 hoc
851 2753 1014 2807 etiam
1063 2751 1152 2805 hic
1195 2750 1524 2806 resumendo
1550 2750 1704 2814 dicit,
1735 2758 2024 2821 postquam

433 2848 599 2917 ipsos
623 2844 899 2914 supplicio
925 2843 1122 2914 dignos
1145 2858 1267 2897 esse
1293 2843 1786 2896 demonstraverat.
1813 2841 2022 2912 Itaque,

450 2936 654 3007 inquit,
684 2934 944 3006 quoniam
996 2934 1221 2987 minime
1269 2934 1394 2987 licet
1439 2933 1574 3001 ipsis
1612 2948 1860 3002 parcere,
1897 2941 2022 2988 tan-

448 3043 614 3098 quam
652 3041 800 3081 nunc
832 3025 1054 3095 quidem
1107 3034 1158 3078 te
1200 3024 1542 3089 curantibus,
1577 3024 1694 3082 sed.
1731 3025 1776 3079 si
1820 3024 2021 3079 mortui

451 3120 680 3183 fuerint,
726 3115 988 3172 oblivioni
1030 3124 1084 3170 te
1129 3115 1449 3180 tradituris;
1501 3130 1530 3168 e
1580 3123 1774 3169 contra
1815 3117 2024 3185 utique,

449 3223 574 3262 cum
609 3207 807 3277 ingrati
846 3206 977 3268 sint,
1010 3221 1073 3258 cx
1106 3204 1376 3274 supplicio
1409 3204 1651 3258 debitum
1683 3213 1981 3272 agnoscent
2008 3219 2021 3255 :

447 3297 812 3367 iustissimam
841 3295 1009 3364 igitur
1035 3310 1253 3363 pugnam
1285 3293 1538 3357 subeant,
1561 3302 1614 3348 et
1639 3293 1905 3364 supplicio
1931 3301 2026 3346 tuo

450 3388 664 3456 rejecti,
710 3385 922 3440 ululent
958 3387 1133 3438 instar
1197 3397 1395 3436 canum
1441 3384 1620 3438 noctis
1651 3389 1900 3452 tempore
1932 3396 2026 3450 per

451 3479 725 3534 civitatem
757 3473 1304 3546 circumvagantium.

964 3561 1290 3618 PSALMUS
1345 3559 1482 3616 LIX.

523 3655 690 3711 Vens.
740 3656 792 3710 3.
846 3683 916 3695 -ο
940 3653 1206 3710 (Steterunt
1243 3654 1288 3708 si
1321 3654 1486 3708 etiam
1521 3655 1636 3708 haec
1671 3656 1786 3723 pati
1818 3653 2024 3724 permi-

451 3750 598 3813 sisti,
646 3747 1072 3818 haudquaquam
1105 3755 1254 3802 certe
1300 3746 1456 3801 malis
1497 3746 1776 3799 immorari
1820 3744 2024 3814 permi-

451 3841 597 3902 sisti.
626 3839 1096 3910 promptissimam
1131 3838 1292 3893 nobis
1318 3837 1664 3891 clementiam
1697 3845 1844 3890 tuam
1873 3834 2025 3890 exhi-

451 3932 608 3989 bens.

524 4021 688 4077 Vens.
752 4022 805 4075 4.
843 4052 914 4065 -σ-
954 4019 1057 4086 Qui
1119 4020 1286 4075 rebus
1337 4016 1719 4072 materialibus
1776 4015 2023 4072 adhaere-

452 4119 636 4177 scunt,
684 4117 738 4163 et
785 4116 1001 4164 terrena
1041 4108 1281 4176 sapiunt.
1333 4122 1460 4160 cum
1505 4106 1615 4160 illis
1655 4105 2020 4172 delectentur,

449 4215 517 4255 eo
550 4201 698 4272 quod
729 4201 798 4254 iis
838 4199 1170 4261 adiciantur,
1203 4199 1520 4254 existimant
1573 4214 1632 4253 se
1666 4198 2023 4254 stabilitatem

448 4298 506 4346 et
554 4289 1096 4360 imperturbationem
1146 4289 1396 4342 obtinere
1429 4307 1444 4342 :
1476 4303 1664 4340 verum
1709 4288 2023 4344 istiusmodi

2129 1852 2234 1902 σιν,
2271 1837 2346 1901 ὼς
2398 1838 2500 1908 τῆς
2547 1840 2700 1911 παρά
2751 1841 2845 1893 σοῦ
2891 1841 3223 1911 προστασίας
3263 1843 3360 1894 οὐκ
3399 1841 3704 1906 ἀξιωθεῖσι,

2126 1930 2221 1981 καὶ
2265 1927 2354 1982 διά
2383 1929 2542 1983 τοῦτο
2587 1930 2824 2000 μάλιστα
2857 1930 3173 2002 ἀδεέστερον
3215 1935 3336 1996 ταῖς
3366 1931 3490 1986 καθ’
3544 1933 3711 2003 ἡμῶν

2123 2019 2435 2084 ἐπιϐουλαῖς
2474 2022 2713 2092 ἐχρῶντο
2740 2040 2751 2052 ο
2797 2022 2885 2075 διά
2926 2023 3023 2094 τῆς
3069 2022 3336 2095 τιμωρίας
3365 2023 3703 2093 γνώσονται.

2123 2109 2205 2163 ὅτι
2241 2110 2506 2182 δεσπότης
2535 2130 2594 2187 τε
2649 2113 2744 2166 καὶ
2772 2113 2974 2187 Κύριος
3023 2115 3121 2185 οὐχ
3153 2115 3309 2186 ἡμῶν
3353 2114 3534 2184 μόνον,
3565 2114 3705 2170 ἀλλά

2125 2201 2236 2274 γὰρ
2263 2203 2360 2257 καὶ
2400 2203 2582 2275 πάσης
2609 2205 2707 2274 τῆς
2738 2208 2842 2275 γῆς
2870 2221 2888 2237 ⁶
2919 2205 3008 2258 διά
3039 2205 3198 2258 τοῦτο
3225 2208 3356 2276 ἡμῖν
3399 2205 3700 2276 ἐπάμυνον,

2123 2296 2251 2358 τοὺς
2289 2295 2611 2362 ἀδικοῦντας
2644 2297 3057 2370 τιμωρούμενος
3106 2298 3207 2351 ὅσα
3257 2299 3486 2362 ἐθέλεις.
3542 2297 3702 2351 Ἀπέ-

2123 2385 2264 2440 δωκε
2295 2387 2349 2440 δὲ
2374 2388 2432 2441 τὺ
2465 2390 2572 2442 πᾶν
2595 2387 2736 2442 κατά
2764 2389 3102 2452 ἀκολουθίαν,
3133 2389 3194 2442 τὸ
3221 2389 3314 2458 Μὴ
3337 2390 3703 2458 ἀποκτείνῃς

2125 2476 2379 2541 αὐτούς’
2411 2473 2529 2531 εἶτα
2573 2477 2944 2548 ἀναλαμϐάνει
2981 2477 3186 2532 ἀνωθεν
3228 2479 3328 2550 τὴν
3370 2482 3490 2534 κατ’
3522 2480 3700 2533 αὐτῶν

2126 2567 2391 2638 κατάραν,
2425 2568 2517 2622 καί
2550 2587 2736 2640 φησιν’

2197 2659 2349 2728 Στίχ.
2383 2657 2537 2713 ιε⁹.-
2565 2660 2743 2730 Ὅπερ
2769 2660 2880 2714 ἀνω
2907 2656 3057 2713 εἷπεν
3088 2662 3444 2733 ἐπαρώμενος
3473 2663 3658 2726 αὐτοῖς
3678 2703 3694 2728 ,

2123 2747 2283 2800 τοῦτο
2315 2747 2596 2802 κάνταῦθα
2618 2749 3016 2820 ἀναλαμϐάνων
3044 2749 3194 2817 λέγει
3216 2790 3231 2814 ,
3273 2750 3411 2820 μετά
3435 2751 3499 2804 τὸ
3525 2751 3694 2816 δεῖξαι

2125 2839 2323 2902 αὐτοὺς
2351 2839 2537 2905 ἀξίους
2579 2839 2738 2903 ὄντας
2764 2838 2865 2909 τῆς
2905 2842 3196 2912 τιμωρίας.
3245 2841 3478 2905 Οὐκοῦν,
3511 2845 3696 2913 φησιν,

2126 2930 2311 3002 ἐπειδὴ
2343 2932 2437 2984 καὶ
2472 2931 2758 3000 φείσασθαι
2782 2931 2963 2984 αὐτῶν
2983 2931 3098 3002 οὐχ’
3133 2927 3245 2986 οἷόν
3266 2950 3348 2997 τε,
3371 2933 3448 2996 ὡς
3470 2933 3567 2987 νῦν
3600 2933 3698 3004 μέν

2129 3038 2223 3075 σου
2255 3024 2668 3094 φροντιζόντων,
2695 3025 3105 3096 ἐπιλησομὲνων
3135 3025 3192 3078 δὲ
3229 3026 3280 3079 εί
3329 3026 3658 3082 ἀποθάνοιεν
3677 3043 3689 3053 ⁸

2125 3115 2434 3169 τούναντίον
2451 3116 2514 3187 δὴ
2535 3116 2847 3187 ἀγνώμονες
2875 3117 3048 3182 ὄντες,
3081 3118 3189 3171 ἀπὸ
3219 3117 3317 3188 τῆς
3341 3118 3612 3188 τιμωρίας
3639 3118 3695 3173 τὸ

2126 3205 2244 3258 δέον
2273 3206 2664 3274 ἐπιγνώσονται
2691 3223 2705 3236 ο
2755 3208 3118 3280 δικαιωτάτην
3145 3204 3238 3262 οῦν
3267 3209 3538 3279 τιμωρίαν
3566 3211 3694 3263 ὑπο-

2129 3299 2491 3368 μεινάτωσαν,
2526 3300 2621 3352 καὶ
2653 3301 2718 3368 τῇ
2759 3299 2911 3371 παρά
2955 3299 3048 3353 σοῦ
3090 3301 3329 3372 τιμωρία
3367 3300 3655 3370 βληθέντες
3679 3342 3692 3361 ,

2125 3388 2524 3452 όλολυζέτωσαν
2543 3391 2698 3464 δίκην
2716 3392 2823 3444 τῶν
2855 3393 2992 3446 κατά
3014 3393 3112 3463 τὴν
3131 3392 3283 3445 πόλιν
3305 3393 3694 3464 ἐκπεριιόντων

2127 3482 2306 3536 κυνῶν
2335 3485 2391 3536 ἐν
2424 3483 2503 3553 τῷ
2530 3483 2628 3554 τῆς
2659 3485 2852 3547 νυκτὸς
2885 3483 3082 3554 καιρῷ.

2699 3573 2993 3628 ΨΑΛΜΟΣ
3031 3575 3156 3628 ΝΘ¹.

2197 3663 2347 3732 Στίχ.
2373 3668 2440 3730 γ’.
2483 3694 2548 3704 —
2593 3663 2732 3716 Ἀλλ’
2765 3666 2812 3716 εί
2844 3663 3133 3717 καὶταῦτα
3167 3663 3359 3718 παθεῖν
3389 3665 3692 3737 συνεχώρη-

2127 3769 2262 3818 σας,
2311 3754 2372 3805 οὐ
2415 3754 2523 3824 μὴν
2567 3755 2844 3823 ἐναφῆκας
2881 3745 3015 3818 τοῖς
3041 3759 3251 3819 κακοῖς,
3297 3755 3564 3827 ὀξυτάτην
3599 3759 3694 3827 τὴν

2125 3846 2277 3916 παρά
2313 3843 2404 3897 σοῦ
2440 3845 2848 3918 φιλανθρωπίαν
2880 3849 3010 3918 ἡμῖν
3039 3848 3430 3919 παρεχόμενος.

2198 4021 2344 4090 Στίχ.
2378 4019 2440 4074 δ’.
2474 4049 2539 4058 -
2565 4021 2627 4074 Oi
2660 4019 3096 4098 προσπαθοῦντες
3124 4026 3238 4087 τοῖς
3257 4024 3482 4090 ὑλικοῖς,
3513 4027 3606 4080 καὶ
3626 4030 3695 4082 τὰ

2127 4113 2342 4180 ἐπίγεια
2371 4113 2723 4183 φρονοῦντες,
2757 4113 3083 4184 τερπόμενοι
3116 4116 3203 4168 ἐπ’
3230 4118 3414 4180 αὐτοῖς
3437 4159 3455 4183 ,
3491 4117 3570 4189 τῷ
3599 4121 3695 4190 ἐμ-

2126 4203 2318 4266 παθεῖς
2335 4199 2494 4265 εἶναι,
2515 4203 2718 4257 οἴονται
2745 4205 3066 4262 εὐστάθειαν
3094 4209 3187 4261 καὶ
3209 4208 3511 4280 ἀταραξίαν
3531 4211 3691 4282 ἐχειν·

2123 4293 2330 4365 βλάϐην
2363 4295 2419 4348 δέ
2449 4298 2482 4365 ἡ
2510 4295 2730 4366 τοιαύτη
2761 4297 3093 4362 κατάστασις
3123 4299 3277 4369 φέρει
3297 4314 3312 4329 '
3353 4301 3475 4354 ὅθεν
3507 4306 3693 4372 χρήσι-

449 4389 631 4435 status
677 4379 788 4433 illis
823 4377 1210 4432 detrimentum
1241 4375 1437 4443 atteri;
1486 4375 1630 4431 unde
1659 4376 1791 4430 utile
1822 4384 1925 4438 est,
1962 4383 2022 4430 ut

2132 4403 2249 4457 μον,
2284 4386 2419 4458 ἐλέῳ
2465 4387 2598 4440 Θεοῦ
2631 4389 2977 4458 συσεισθῆναι
3021 4389 3192 4461 αὐτὴν
3221 4392 3314 4444 καὶ
3360 4393 3696 4465 ταραχθῆναι

448 4483 546 4540 per
575 4467 1012 4524 misericordiam
1048 4465 1141 4521 Dei
1182 4466 1534 4521 concutiatur
1566 4480 1630 4519 ac
1661 4466 2020 4521 conturbetur

448 4563 666 4618 ratione
704 4561 1062 4632 paenitentiae.
1093 4559 1286 4612 Sciens
1312 4559 1454 4612 enim
1491 4572 1654 4628 quam
1691 4558 1915 4613 noxium
1948 4558 2020 4612 sit

447 4653 617 4707 rebus
663 4648 1043 4705 materialibus
1100 4647 1388 4711 inhaerere,
1439 4654 1493 4700 et
1530 4647 1730 4701 terreni
1778 4645 2017 4701 hominis

447 4743 742 4813 imaginem
790 4755 1017 4810 sapere,
1065 4737 1431 4792 turbatiouem
1489 4746 1544 4790 et
1601 4737 2019 4791 commotionem

446 4837 706 4907 patiatur,
738 4849 768 4888 a
813 4832 987 4904 priori
1023 4845 1186 4900 prava
1217 4831 1325 4883 vita
1376 4829 1443 4883 ad
1483 4829 1706 4898 probam
1742 4843 1805 4882 ac
1846 4829 2021 4883 beati-

446 4924 658 4981 tudinis
702 4925 915 4994 plenam
949 4921 1254 4981 translata;
1288 4919 1525 4973 contrita
1561 4933 1770 4987 nempe,
1808 4925 1863 4973 et
1893 4934 2020 4974 sen-

446 5031 568 5070 sum
609 5015 916 5084 percipiens
964 5011 1357 5067 contritionum
1406 5025 1470 5063 ex
1511 5009 1877 5064 invisibilibus
1921 5010 2020 5063 ho-

445 5105 626 5161 stibus
659 5094 1069 5164 exsistentinm,
1118 5101 1394 5154 invocabit
1428 5099 1614 5165 utique
1643 5113 1768 5152 eum
1809 5099 1901 5168 qui
1933 5098 2020 5152 di-

446 5197 542 5259 cit.
611 5194 723 5266 Ego
781 5210 900 5248 sum
966 5193 1229 5247 Dominus
1273 5207 1477 5246 sanans
1527 5204 1579 5245 te
1628 5210 1640 5245 :
1695 5205 1822 5244 cum
1873 5191 2018 5245 enim

446 5288 694 5343 medicus
730 5286 824 5350 sit,
858 5285 1076 5339 sanabit
1115 5297 1255 5336 eam.
1293 5283 1562 5337 Caeterum
1601 5281 1770 5351 possit
1799 5295 2020 5351 quoque

447 5391 611 5435 terra:
649 5377 819 5431 motio
851 5375 1034 5430 induci
1081 5375 1150 5429 iis
1179 5376 1271 5447 qui
1306 5375 1358 5428 in
1404 5390 1467 5428 ea
1502 5381 1650 5433 sunt,
1683 5373 2020 5430 daemonibus

445 5469 734 5525 translatis
772 5469 838 5522 ad
867 5467 1089 5521 oracula
1119 5467 1304 5521 divina
1338 5465 1707 5535 suscipienda.

542 5556 1222 5627 Isim—Quandoquidem
1249 5571 1436 5612 eorum
1460 5555 1774 5612 affectiones
1803 5571 2020 5612 assum-

447 5659 631 5723 pserat
669 5667 834 5722 super
857 5660 1082 5715 terram,
1115 5649 1335 5720 pr0pria
1373 5663 1506 5704 usus
1541 5657 1625 5704 est
1669 5647 1920 5718 sequela;
1966 5655 2021 5702 et

2129 4477 2492 4548 μεταμελείας
2538 4480 2744 4550 τρόπῳ.
2804 4480 3010 4533 Γνοῦσα
3055 4481 3163 4554 γάρ
3194 4483 3267 4547 ὡς
3320 4485 3609 4550 ἐπιϐλαϐἐς
3633 4489 3696 4540 τὸ

2128 4568 2332 4631 ὑλικοῖς
2357 4568 2656 4639 ἐνέχεσθαι,
2688 4572 2780 4624 καὶ
2808 4575 3024 4642 φρονεῖν
3043 4573 3142 4644 τὴν
3168 4573 3261 4627 τοῦ
3286 4577 3468 4646 χοϊκοῦ
3493 4579 3692 4640 είκόνα,

2125 4657 2362 4728 τάραχον
2415 4660 2508 4713 καὶ
2563 4661 2888 4731 συσσεισμδν
2940 4663 3114 4732 σχοίη,
3181 4667 3584 4739 μετατιθεμένη
3629 4671 3693 4723 ἐκ

2128 4748 2393 4818 προτέρου
2422 4749 2624 4818 φαύλου
2655 4751 2773 4821 βίου
2794 4752 2886 4804 ἐπὶ
2916 4753 3201 4809 σπουδαῖον
3231 4758 3325 4810 καὶ
3356 4760 3692 4830 μακαριότη-

2126 4855 2214 4900 τος
2247 4838 2424 4910 πλήρη
2451 4856 2464 4868 ·
2502 4840 2693 4909 ἀμέλει
2723 4840 2850 4908 γοῦν
2877 4881 2892 4904 ,
2928 4844 3275 4913 συντριϐεῖσα
3320 4847 3575 4918 αἴσθησιν
3605 4851 3690 4902 λαο

2126 4927 2296 4982 ϐοῦσα
2329 4930 2438 4982 τῶν
2471 4931 2828 5002 ὑπαρξάντων
2869 4936 3288 5006 συντριμμάτων
3316 4939 3379 4991 ἐκ
3407 4939 3517 4992 τῶν
3543 4942 3696 5012 ἀορά-

2125 5035 2233 5071 των
2264 5020 2560 5086 πολεμίων,
2603 5024 2979 5091 παρακαλέσει
3008 5025 3097 5079 τὸν
3134 5025 3393 5094 λέγοντα,
3433 5030 3546 5097 ἐγώ
3583 5034 3692 5100 είμι

2127 5106 2331 5176 Κύριος
2358 5109 2386 5160 ὁ
2423 5107 2648 5178 ἰώμενός
2677 5128 2769 5164 σε’
2811 5115 2992 5184 ίατρδς
3017 5117 3124 5186 γὰρ
3153 5118 3434 5188 ὑπάρχων,
3489 5121 3691 5176 ἰάσεται

2126 5198 2316 5269 αὑτήν.
2346 5200 2580 5252 Δυνατὺν
2606 5201 2662 5254 δὲ
2691 5203 2786 5257 καὶ
2813 5205 2973 5258 σάλον
3001 5207 3303 5278 ἐπαχθῆναι
3333 5213 3399 5281 τῇ
3431 5215 3499 5282 γῇ
3538 5229 3691 5281 μετα-

2126 5289 2422 5360 τιθεμένων
2467 5291 2575 5344 τῶν
2614 5295 2701 5346 ἐπ’
2739 5295 2909 5366 αὐτῆς
2952 5297 3221 5368 δαιμόνων
3258 5301 3350 5353 ἐπὶ
3383 5302 3687 5375 παραδοχὴν

2127 5378 2286 5434 θείων
2313 5381 2716 5454 θεσπισμάτων.

2210 5555 2426 5626 Ἐπειδὴ
2455 5557 2522 5610 τά
2545 5557 2722 5612 αὐτῶν
2752 5559 2898 5632 πάθη
2936 5561 3198 5617 ἀνέλαϐεν
3216 5565 3308 5618 ἐπὶ
3331 5565 3432 5635 τῆς
3459 5567 3594 5637 γῆς,
3622 5569 3682 5637 τῇ

2126 5646 2300 5720 οἰκεία
2345 5648 2612 5719 ἐχρήσατο
2660 5650 2986 5724 ἀκολουθίᾳ·
3034 5655 3129 5708 καὶ
3175 5655 3262 5710 διὰ
3302 5655 3458 5713 τοῦτο
3496 5657 3685 5714 ὡσανεὶ
