3834 6224
209 238 322 290 683

1419 226 1507 281 EX
1518 225 1788 282 POSITIO
1826 224 1889 278 IN
1936 223 2277 280 PSALMOS.

3365 216 3470 274 (386

207 350 242 398 ἀ
257 348 319 396 πὸ
342 344 439 414 τῆς
466 342 771 413 ὑπερϐολῆς
797 342 889 395 τοῦ
910 342 1132 412 σεισμοῦ
1155 341 1254 410 τῆς
1274 341 1373 411 γῆς
1407 339 1784 411 συντριϐείσης

1914 336 2095 391 dcirco
2139 337 2298 406 quasi
2355 350 2420 389 ex
2466 334 2763 407 hyperbme
2815 332 3074 388 motionis
3123 341 3284 387 terra:
3334 347 3473 387 con-

212 441 308 489 καὶ
351 435 692 507 διαλυθείσης
740 434 881 487 οὕτω
922 434 1054 506 φησί
1078 451 1091 465 ·
1124 433 1473 506 Θεράπευσον
1505 432 1572 486 τά
1604 431 1750 500 πάθη
1771 470 1783 490 ,

212 530 305 582 καὶ
332 529 580 585 διάλυσον
619 528 716 591 τάς
749 527 1056 597 συμφοράς.

281 620 590 685 Κατάνυξιν
617 619 763 687 λέγει
784 620 843 671 τὸ
865 618 1043 687 ἐφόσῳ
1060 617 1258 689 δήποτε
1286 616 1570 688 πράγματι
1596 613 1789 668 παθεῖν

211 712 314 783 τὴν
364 711 542 782 ψυχήν
586 728 600 740 ⁸
637 710 809 772 οὕτως
841 710 967 762 ὅταν
1007 707 1174 780 λέγῃ,
1216 707 1276 759 τὸ
1329 708 1787 774 διεσχίσθησαν,

211 803 315 856 καὶ
388 804 461 855 οὺ
524 803 980 870 κατενύγησαν,
1055 800 1364 864 τουτέστην,
1434 797 1791 866 ἀποτυχόντες

212 893 506 958 πολλάκις,
578 894 698 945 οὐδὲ
764 891 936 954 οὓτως
999 890 1200 943 ἔπαθον
1246 890 1345 960 τὴν
1402 888 1609 960 ψυχὴν,
1669 887 1791 940 οὐδὲ

212 986 563 1055 κατέγνωσαν
624 986 851 1038 ἑαυτῶν.
926 983 1179 1037 Τοιοῦτόν
1238 984 1353 1035 ἐστι
1417 984 1509 1035 καὶ
1563 983 1664 1047 τὸ,
1731 983 1790 1034 ’Ἀ

211 1078 450 1145 λέγεται
483 1077 555 1129 ἐν
592 1076 719 1141 ταῖς
759 1075 1026 1142 καρδίαις
1056 1073 1243 1143 ὑμῶν,
1285 1073 1353 1126 ἐν
1395 1072 1525 1139 ταῖς
1566 1072 1792 1137 κοίταις

217 1170 384 1238 ὑμῶν
420 1170 809 1236 κατανύγητε.
844 1166 1168 1229 Τουτέστιν,
1220 1164 1255 1219 ἃ
1298 1164 1616 1236 βουλεύεσθε
1652 1165 1792 1218 κατὰ

213 1263 473 1324 διάνοιαν,
510 1262 593 1328 ἐφ’
626 1259 855 1330 ἡσυχίας
878 1258 1049 1323 ὄντες,
1083 1260 1140 1311 ἐν
1166 1260 1231 1328 τῇ
1263 1258 1417 1328 κλίνῃ
1447 1256 1792 1326 λογισάμενοι

215 1353 533 1419 κατάγνωτε
555 1348 784 1412 ἑαυτῶν,
816 1349 909 1401 καλ⁸
933 1347 1345 1418 μεταμελήθητε
1370 1348 1455 1416 ἐφ’
1482 1342 1562 1409 οἷς
1581 1347 1795 1416 διεπρά-

217 1440 401 1505 ξασθε.
430 1439 585 1492 Οὕτω
613 1438 705 1491 καὶ
739 1437 831 1490 ἐπί
860 1436 961 1505 τῆς
990 1436 1296 1499 Σουσάννας
1330 1437 1458 1506 περὶ
1483 1435 1591 1488 τῶν
1624 1452 1793 1505 πρεσ-

215 1533 461 1603 ϐυτέρων
488 1533 672 1602 φησιν,
708 1529 797 1583 ὅτι
821 1530 1245 1597 κατενύγησαν
1288 1527 1362 1596 τῇ
1392 1527 1605 1596 καρδίᾳ
1630 1542 1643 1555 ·
1682 1545 1796 1579 του·

215 1625 423 1689 τέστιν,
455 1623 655 1676 ἔπαθον
702 1621 788 1674 ἐπ’
822 1621 958 1690 αὐτῇ
987 1619 1092 1672 ὑπὸ
1124 1621 1220 1689 τῆς
1248 1618 1547 1689 ἐπιθυμίας
1578 1618 1795 1689 συνεχό-

222 1732 397 1786 μενοι.
432 1712 727 1767 Κὰνταῦθα
747 1707 837 1766 οὖν
860 1710 1149 1776 κατάνυξιν
1177 1711 1331 1764 καλεί
1356 1710 1454 1781 τὴν
1479 1711 1796 1782 ἐπιθυμίαν,
1830 1703 1872 1758 Β

216 1805 296 1868 ὡς
324 1805 494 1868 πάθος
522 1804 945 1875 ἐνεργαζόμενον
976 1805 1042 1874 τῇ
1080 1803 1248 1873 ψυχῇ.
1293 1803 1379 1865 Ὠς
1408 1803 1516 1874 γάρ
1559 1805 1799 1874 μεταμέ-

216 1895 339 1949 λεια
368 1896 462 1947 καὶ
491 1895 777 1961 κατάνυξις
800 1894 1123 1966 πράγματος
1149 1894 1317 1958 πάθος
1344 1897 1581 1965 ἐμποιεῖ,
1616 1896 1707 1948 καὶ
1726 1894 1801 1959 ῶς

219 1986 487 2058 ἐπιθυμία
530 1987 624 2039 καὶ
662 1986 801 2056 ἔρως
847 1986 1105 2056 χαλεπὸν,
1149 1986 1323 2050 οὕτως
1371 1987 1578 2058 ἀθυμία
1630 1987 1801 2049 πάθος

219 2079 598 2151 ἐνεργάζεται.
632 2080 736 2136 Τὸν
753 2079 810 2131 δὲ
831 2076 969 2132 οἶνον
992 2079 1082 2131 ἐπὶ
1102 2078 1201 2147 τῆς
1233 2080 1518 2149 συμφορᾶς
1546 2079 1631 2131 ἀεὶ
1652 2078 1799 2146 λέγει

220 2174 316 2227 καὶ
343 2174 441 2243 τῆς
473 2171 761 2243 τιμωρίας·
783 2170 889 2223 ἀπὺ
913 2170 1006 2223 τοῦ
1040 2171 1129 2223 τὸν
1156 2165 1296 2223 οἶνον
1326 2170 1547 2224 πλείονα
1578 2170 1801 2223 δοθέντα

221 2265 495 2334 παράγειν
522 2264 645 2327 τοὺς
684 2263 979 2333 λογισμοὺς
1000 2302 1014 2325 ,
1060 2265 1152 2315 καὶ
1190 2262 1553 2334 παραφέρειν,
1584 2264 1680 2315 καὶ
1699 2263 1799 2334 τὴν

222 2354 376 2424 παρά
408 2353 501 2405 τοῦ
530 2352 661 2405 Θεοῦ
712 2352 981 2422 τιμωρίαν
1017 2353 1173 2416 ἐκτὸς
1201 2352 1295 2406 τοῦ
1336 2353 1675 2417 καθεστῶτος
1707 2356 1802 2425 ἐρ-

223 2446 511 2515 γάζεσθαι.
561 2442 731 2497 Ὶόὖτο
780 2439 870 2496 οὖν
926 2459 1127 2513 φησιν’
1185 2443 1309 2498 ~Ott
1364 2445 1633 2515 τιμωρίαν
1670 2447 1802 2516 ἡμῖν

225 2536 584 2607 ἐπενεχθῆναι
626 2534 1008 2606 συνεχώρησας
1034 2576 1047 2599 ,
1075 2534 1214 2587 οὕτω
1246 2536 1344 2605 μὲν
1372 2535 1628 2606 δαψιλῶς,
1659 2536 1802 2591 ὥστε

220 2630 403 2682 δοκεῖν
434 2630 512 2691 εἰς
546 2628 856 2696 ἀπόγνωσιν
893 2626 994 2696 τῆς
1032 2628 1304 2697 τιμωρίας
1338 2628 1583 2698 μετέχειν
1613 2644 1626 2659 ⁸
1662 2630 1804 2683 οὕτω

224 2721 283 2774 δὲ
311 2718 575 2791 χαλεπὴν,
602 2719 676 2782 ὡς
706 2718 910 2780 πάθους
941 2718 1035 2770 καὶ
1066 2717 1305 2788 ἀθυμίας
1348 2719 1634 2790 αὐτάρκως
1664 2721 1801 2792 πλη-

228 2811 357 2882 ροῦν
384 2810 483 2882 τὴν
522 2809 717 2880 ψυχήν.

299 2994 450 3064 Στίχ.
482 2999 556 3058 ς’.
579 3020 648 3037 —--
689 2991 827 3043 Ἀλλ’
858 2990 916 3043 ἐν
944 2990 1093 3062 μέσῳ
1135 2991 1405 3045 τοσούτων
1431 2993 1590 3057 ὄντας
1618 2994 1803 3047 κακῶν

226 3088 331 3141 οὐκ
357 3087 576 3156 ἀφῆκας
606 3084 813 3148 παθεῖν,
842 3083 1029 3155 ὥσπερ
1070 3084 1125 3137 δὲ
1156 3084 1368 3155 σημείῳ
1399 3086 1506 3138 τινὶ
1525 3085 1804 3154 διακρίνας

229 3181 403 3251 ἡμᾶς·
428 3178 595 3241 οὕτως
613 3178 669 3231 ἐν
694 3177 841 3247 μέσῳ
866 3176 971 3229 τῶν
993 3176 1176 3251 κακῶν
1195 3178 1591 3247 στρεφομένους
1617 3179 1806 3233 ἀνεπιο

228 3269 551 3332 ϐουλεύτους
597 3267 934 3339 φυλαχθῆναι
975 3266 1236 3339 ἐποίησας
1285 3266 1386 3336 τῆς
1412 3266 1520 3319 τῶν
1550 3268 1805 3321 ἐναντίων

232 3361 548 3429 ἐπιϐουλῆς.
581 3359 751 3413 Τοῦτο
778 3358 835 3411 δὲ
865 3359 929 3411 ἐκ
965 3359 1273 3429 μεταφορᾶς
1307 3358 1455 3426 λέγει
1481 3357 1588 3411 τῶν
1609 3360 1666 3412 ἐν
1695 3362 1806 3425 τοῖς

231 3452 490 3522 πολέμοις
542 3449 801 3513 πολλάκις
850 3449 1305 3521 ἀναμιγνυμένων
1349 3452 1461 3512 τοῖς
1502 3449 1839 3521 πολεμίοις,-

230 3536 431 3599 οῖτινες
459 3533 708 3603 ἀλλήλοις
739 3532 945 3586 διδόασι
986 3535 1187 3602 σημεῖα
1215 3533 1309 3585 καὶ
1341 3532 1585 3602 σύμϐολα
1607 3535 1806 3589 οἰκειό-

229 3644 417 3697 τητος,
446 3627 537 3678 καὶ
566 3624 925 3693 γινώσκουσιν
955 3623 1217 3694 ἀλλήλους
1251 3626 1307 3677 ἐν
1335 3623 1678 3696 ἀπομιμήσει
1711 3624 1806 3679 τοῦ

235 3718 513 3786 σχήματος
540 3757 553 3780 ,
590 3714 665 3777 ὡς
698 3714 773 3784 μὴ
828 3712 1027 3784 ἁθρόαν
1068 3713 1162 3766 καὶ
1199 3714 1608 3785 ἀπροσδόκητον
1674 3716 1807 3769 ὑπο-

237 3808 409 3861 στῶσι
441 3808 539 3876 τὴν
566 3806 856 3876 τιμωρίαν·
892 3806 939 3857 οἱ
967 3805 1073 3875 γάρ
1103 3802 1259 3858 τοῦτο
1276 3804 1571 3873 ποιοῦντες,
1600 3808 1687 3861 ἀεὶ
1715 3826 1809 3879 ση-

238 3898 392 3970 μεῖόν
416 3916 468 3951 τι
496 3897 711 3958 πάντως
755 3894 1003 3966 ἀλλήλοις
1034 3896 1127 3947 καί
1174 3895 1422 3965 σύνθημα
1446 3897 1701 3961 διδόασιν,
1733 3901 1808 3964 ὡς

234 3992 304 4045 ἂν
339 3990 411 4061 μὴ
444 3989 550 4042 ἀπὸ
582 3989 681 4059 τῆς
716 3987 856 4040 κατά
887 3987 947 4039 ea
985 3986 1168 4057 σχῆμα
1210 3988 1517 4059 κοινότητος
1551 3989 1811 4062 ἀλλήλους

237 4082 359 4136 ἀντὶ
378 4081 485 4133 τῶν
512 4080 783 4147 πολεμίων
810 4078 1037 4131 ἀνέλωσι
1059 4095 1069 4105 ·
1108 4080 1317 4149 σημείῳ
1336 4079 1392 4131 δέ
1421 4098 1525 4133 τινι
1550 4083 1811 4155 γνωρίμῳ

236 4174 603 4245 διακρίνοντες
654 4170 947 4238 ἀλλήλους,
1010 4169 1367 4239 φυλάττονται
1416 4172 1514 4241 μὲν
1548 4172 1646 4235 τὰς
1690 4174 1809 4226 κατ’

237 4262 487 4333 ἀλλήλων
518 4258 734 4326 σφαγάς
762 4297 776 4321 ,
814 4259 1111 4329 πράττουσι
1154 4258 1209 4311 δὲ
1249 4258 1388 4328 μετὰ
1418 4260 1597 4330 πάσης
1630 4262 1812 4327 ἀδείας

1897 429 2037 483 tritae
2079 444 2142 483 ac
2164 429 2444 483 dissoluta:
2471 429 2551 483 sic
2599 429 2675 481 ait
2706 448 2716 482 :
2746 427 2961 482 Mcdere
2990 426 3393 487 affectionibus,
3420 434 3475 479 et

1897 519 2139 573 dissolve
2173 520 2536 574 calamitates.

1970 609 2101 663 IBID.
2130 640 2199 650 -—-
2223 611 2710 681 Compunctlonem
2750 618 2907 663 vocat
2937 610 3237 679 quamlibet
3281 609 3478 663 anima:

1898 718 2025 773 erga
2072 718 2454 773 quamcunque
2492 718 2605 757 rem
2647 703 3025 763 adectionem;
3061 709 3119 753 ut
3160 717 3282 753 cum
3315 700 3474 765 dicit,

1901 795 2159 863 Dissipati
2203 805 2344 859 stmt,
2387 811 2478 848 nec
2526 794 2828 862 contpuncti
2854 792 3027 859 (Psul.
3063 806 3247 845 χχχιιι.
3280 792 3390 861 15),
3420 792 3474 846 id

1898 896 2006 943 est.
2035 902 2414 957 saepenumero
2450 888 2716 950 frustrati,
2770 884 3079 954 nequrdum
3123 884 3305 937 animo
3345 886 3478 938 moti

1902 988 2050 1041 sunt,
2106 994 2284 1048 neque
2330 980 2659 1049 semetipsos
2708 987 3062 1031 accusarunt.
3118 977 3250 1031 'l‘ale
3299 986 3385 1031 est
3424 983 3481 1031 et

1903 1069 2059 1133 illud,
2110 1070 2239 1134 Qun:
2271 1069 2449 1122 dicitis
2500 1071 2551 1121 in
2585 1068 2831 1123 cordibus
2876 1071 3078 1131 castris,
3117 1070 3171 1121 in
3218 1067 3478 1121 cubilibus

1901 1164 2087 1216 vestris
2140 1162 2553 1232 compnngimini
2597 1161 2771 1231 (Psal.
2828 1178 2901 1225 tv,
2951 1162 3027 1231 5).
3072 1162 3129 1216 Id
3188 1168 3294 1226 est,
3347 1160 3482 1226 Quae

1902 1265 2082 1311 mente
2116 1257 2355 1316 volvitis,
2391 1259 2443 1310 in
2473 1259 2657 1326 quiete
2692 1257 2999 1318 constituti,
3049 1257 3101 1309 iu
3148 1257 3344 1311 lectulo
3391 1270 3481 1308 ra-

1901 1350 2105 1403 tionem
2159 1350 2412 1403 ineuntes
2438 1350 2809 1418 vosmetipsos
2850 1348 3236 1411 condemnate,
3270 1357 3323 1402 et
3360 1361 3481 1417 pm-

1903 1440 2194 1494 nitentiam
2231 1442 2374 1511 agite
2407 1456 2508 1510 pro
2549 1441 2883 1494 commissus.
2928 1439 3021 1494 Sic
3064 1440 3229 1493 etiam
3278 1440 3343 1493 ad
3378 1438 3483 1493 Su-

1904 1546 2133 1586 sannam
2160 1532 2227 1585 de
2261 1532 2574 1585 senioribus
2605 1532 2699 1594 ait,
2735 1532 2999 1595 Quoniam
3031 1533 3329 1600 compuncti
3356 1540 3483 1585 sunt

1904 1625 2061 1678 corde
2094 1622 2255 1693 (Dan.
2296 1639 2411 1687 λιιι,
2455 1624 2582 1689 56);
2617 1624 2668 1677 id
2724 1633 2828 1688 est,
2862 1624 3040 1679 allecti
3085 1624 3305 1679 fuerunt
3351 1638 3484 1694 erga

1904 1717 2052 1770 illam
2114 1732 2143 1768 a
2197 1715 2648 1785 concupiscmtia
2698 1713 2921 1770 detenti.
2981 1715 3096 1770 Hoc
3145 1717 3267 1771 loco
3318 1716 3486 1786 igitur

1902 1806 2379 1873 compunrtiouem
2411 1811 2572 1856 vocat
2610 1806 3135 1873 concupiscentiam,
3179 1814 3239 1860 ιιι
3275 1822 3396 1875 qua:
3426 1807 3483 1860 in

1903 1896 2082 1949 anima
2130 1896 2330 1949 excitet
2386 1894 2750 1950 aﬂ'ectionem.
2805 1895 3276 1961 Quemadmodum
3334 1902 3481 1953 enim

1905 1987 2223 2057 pwnitentia
2260 1995 2314 2041 et
2350 1986 2699 2055 compunCtio
2746 1988 2823 2042 rei
2871 1986 3124 2042 affectum
3177 1989 3395 2053 inserit,
3425 1998 3482 2043 et

1903 2079 2045 2132 sicut
2079 2078 2526 2147 concupiscentia
2559 2086 2612 2131 et
2639 2092 2793 2132 amor
2817 2080 3141 2143 molestiam,
3190 2080 3269 2133 sic
3311 2080 3481 2134 anim=

1903 2170 2137 2239 dejectio
2196 2170 2507 2239 passionem
2556 2170 2772 2241 ingerit.
2816 2169 3212 2233 Porro‘vinum
3265 2186 3484 2239 semper

1903 2261 1971 2315 de
2024 2260 2338 2315 calamitate
2386 2270 2439 2314 et
2484 2260 2757 2331 supplicio
2792 2259 2962 2325 dicit;
3015 2275 3081 2315 eo
3124 2260 3267 2330 quod
3300 2260 3485 2314 vinum

1904 2351 2185 2420 copiosius
2224 2349 2412 2403 datum
2456 2352 2815 2421 cogitationes
2862 2349 3179 2413 transferat,
3214 2360 3267 2405 et
3303 2358 3488 2406 trans-

1904 2452 2102 2510 vertat,
2159 2454 2214 2499 et
2252 2444 2580 2514 supplicium
2617 2460 2645 2495 a
2699 2442 2807 2497 Deo
2861 2443 3071 2497 illatum
3122 2460 3150 2497 a
3203 2459 3305 2498 suo
3340 2453 3487 2498 statu

1904 2544 2141 2592 mentem
2168 2534 2462 2591 dimoveat.
2504 2533 2619 2588 Iloc
2656 2534 2839 2605 itaque
2872 2536 3006 2589 dicit
3039 2555 3049 2589 :
3085 2535 3355 2602 Quoniam
3387 2552 3489 2590 no-

1906 2631 1990 2684 bis
2046 2628 2377 2701 supplicium
2450 2626 2680 2698 irrogari
2736 2627 3074 2697 permisisti,
3139 2628 3303 2698 idque
3353 2628 3490 2684 adeo

1906 2723 2168 2783 ubertim,
2213 2727 2273 2773 ut
2312 2735 2422 2790 pra:
2459 2733 2618 2789 paena
2663 2722 2718 2775 in
2752 2719 3187 2788 desperationem
3231 2720 3491 2777 inducere

1905 2813 2209 2877 videreris;
2248 2812 2386 2866 adeo
2416 2822 2596 2866 autem
2626 2826 2808 2882 grave,
2838 2818 2900 2864 ut
2933 2812 3189 2880 passione
3218 2821 3270 2867 et
3310 2812 3490 2883 pusil-

1908 2904 2212 2959 lanimitate
2238 2903 2475 2957 animam
2516 2902 2861 2958 abundanter
2888 2902 3157 2973 impleret.

1978 2997 2144 3051 Vsus.
2196 2996 2249 3052 6.
2281 3025 2351 3036 —
2375 2994 2645 3051 Caeterum
2681 2995 2735 3048 in
2770 2994 2950 3049 medio
2994 3004 3267 3049 tantorum
3317 3010 3487 3049 mato-

1913 3104 2031 3144 rum
2070 3088 2401 3143 exsistentes
2431 3102 2541 3141 non
2576 3086 2875 3155 permisisti
2919 3086 3060 3147 laedi,
3098 3087 3193 3143 sed
3223 3096 3485 3157 tanquam

1913 3183 2073 3253 signo
2103 3180 2344 3251 quodam
2389 3194 2488 3235 nos
2522 3179 2900 3249 distinguens;
2946 3179 3027 3234 sic
3069 3179 3125 3232 in
3161 3179 3344 3235 medio
3372 3195 3489 3234 ma-

1915 3275 2091 3328 lorum
2135 3279 2443 3334 versantes,
2478 3271 2546 3324 ab
2594 3270 2810 3326 insidiis
2854 3270 3293 3326 adversariorum
3340 3280 3491 3328 tutos

1915 3364 2181 3421 custodiri
2228 3362 2428 3419 fecisti.
2481 3361 2595 3417 lloc
2642 3369 2822 3418 autem
2869 3363 3002 3417 dicit
3065 3377 3131 3418 ex
3175 3363 3491 3432 metaphora

1914 3472 2127 3522 eorum,
2172 3455 2264 3527 qui
2303 3455 2355 3509 in
2403 3455 2562 3509 bellis
2597 3469 2973 3524 saepenumero
3008 3454 3258 3511 hostibus
3288 3456 3494 3525 permi-

1916 3547 2006 3611 sti,
2044 3546 2147 3601 sibi
2182 3552 2373 3599 mutuo
2409 3545 2563 3615 signa
2597 3544 2843 3614 quaedam
2874 3559 2938 3598 ac
2978 3544 3224 3615 symbola
3258 3544 3493 3599 familia-

1917 3636 2097 3691 ritatis
2128 3651 2223 3691 seu
2248 3635 2503 3689 amicitiae
2526 3633 2784 3703 prazbent,
2810 3635 2953 3690 unde
2977 3651 3033 3689 se
3065 3636 3295 3692 invicem
3323 3652 3493 3707 agno-

1917 3734 2076 3781 scant
2136 3726 2191 3780 in
2246 3724 2607 3780 similitudine
2658 3727 2859 3794 ﬁgurae,
2922 3740 2990 3781 ne
3037 3727 3376 3796 repentinam
3438 3738 3493 3783 et

1920 3819 2348 3888 iuexspectatam
2411 3820 2613 3872 ca‘dem
2668 3816 2996 3870 incurrant:
3039 3819 3131 3887 qui
3181 3818 3325 3873 enim
3387 3818 3493 3873 hoc

1920 3910 2146 3976 faciunt,
2179 3924 2393 3980 semper
2423 3908 2649 3963 omnino
2671 3908 2774 3962 sibi
2809 3919 2998 3962 mutuo
3025 3909 3239 3979 signum
3271 3909 3493 3981 aliquod

1918 4016 1981 4055 ex
2018 3998 2273 4053 condicto
2318 3996 2560 4059 tradunt,
2616 4012 2685 4051 ne
2730 4005 2952 4066 propter
2994 4012 3337 4053 communem
3372 4014 3493 4069 spe.

1921 4093 2057 4147 ciem
2087 4106 2145 4147 se
2177 4090 2407 4144 invicem
2443 4105 2542 4160 pro
2590 4090 2839 4144 hostibus
2872 4093 3251 4146 mterimereut
3282 4110 3295 4146 ι
3326 4108 3495 4162 porro

1921 4185 2081 4255 signo’
2124 4182 2309 4251 aliquo
2340 4180 2567 4235 notabili
2611 4179 2841 4233 invicem
2871 4178 3268 4244 discernentes,
3320 4198 3350 4236 a
3386 4198 3493 4235 tnu-

1924 4276 2031 4330 tuis
2079 4273 2299 4344 quidem
2335 4269 2579 4325 caedibus
2634 4270 2935 4333 abstinent,
2999 4285 3124 4325 cum
3165 4273 3315 4326 onmi
3362 4288 3494 4328 vero

237 4355 309 4407 τά
338 4351 594 4406 δοκοῦντα
624 4353 702 4413 είς
732 4349 857 4412 τοὺς
887 4348 1175 4417 πολεμίους
1202 4366 1213 4379 '
1246 4350 1274 4401 ὃ
1301 4350 1365 4421 δὴ
1389 4351 1612 4421 ποιῆσαι
1635 4369 1693 4406 τε
1722 4355 1804 4407 καὶ

1923 4365 2216 4420 securitate
2262 4360 2473 4413 faciunt
2513 4372 2575 4413 ea
2615 4373 2736 4427 quae
2775 4370 2967 4413 contra
3005 4361 3190 4416 hostes
3240 4360 3493 4416 videntur

240 4443 579 4516 φυλάξασθαι
619 4442 857 4503 ἐκείνους
899 4441 995 4510 οὺχ
1035 4435 1145 4493 οἷον
1196 4458 1254 4493 τε
1306 4440 1381 4511 τῷ
1433 4445 1671 4513 σχήματι
1718 4445 1814 4514 μὲν

238 4536 655 4605 ἀπατωμένους,
682 4533 743 4585 τὸ
776 4531 1022 4601 σύνθημα
1050 4532 1105 4583 δὲ
1135 4533 1234 4585 οὐκ
1268 4531 1493 4591 εἰδότας.
1524 4533 1692 4587 Τοῦτο
1722 4533 1817 4590 οὖν

239 4646 406 4699 φησιν
431 4645 444 4657 ·
492 4628 615 4677 Ὅτι
650 4623 840 4693 ῶσπερ
879 4623 1090 4693 σημείῳ
1140 4624 1245 4675 τινὶ
1288 4622 1603 4694 διακρίνας,
1636 4627 1817 4698 πάσης

238 4723 389 4792 ἡμᾶς
432 4716 650 4789 ἐρῤύσω
686 4715 788 4784 τῆς
838 4717 968 4783 παρ’
996 4715 1219 4767 ἐκείνων
1254 4715 1576 4786 ἐπιϐουλῆς,
1629 4717 1704 4781 ὼς
1752 4718 1817 4770 ἃν

242 4814 381 4884 μήτε
412 4811 518 4864 ὑπὸ
549 4809 718 4872 τόξων
764 4808 1079 4878 φερομένων
1130 4809 1264 4877 μήτε
1311 4809 1414 4860 ὑπό
1446 4825 1587 4872 τινος
1629 4810 1815 4880 ἐτέρου

240 4902 513 4972 πάθοιμέν
543 4919 595 4953 τι
622 4900 810 4952 δεινόν.
838 4897 1009 4951 Τοῦτο
1040 4899 1095 4951 δὲ
1127 4900 1220 4951 καὶ
1249 4898 1357 4951 ἀπὸ
1375 4899 1482 4952 τῶν
1512 4902 1629 4954 κατ’
1653 4902 1817 4970 Αἴγυ-

242 5013 375 5049 πτον
404 4992 584 5047 λαϐὼν
603 4987 753 5044 εἶπεν
773 5032 788 5057 ,
815 4990 896 5043 ὅτι
926 4989 1111 5061 ὥσπερ
1135 4990 1342 5059 σημείῳ
1358 4992 1462 5044 τινὶ
1486 4991 1563 5061 τῷ
1590 4993 1681 5046 ἐπὶ
1710 4993 1817 5046 τῶν

241 5088 415 5157 φλιῶν
442 5086 635 5155 αἵματι
658 5082 934 5153 διακρίνας
968 5080 1189 5145 τούτους
1212 5082 1318 5134 ἀπὸ
1342 5082 1449 5135 τῶν
1481 5084 1817 5151 Αἰγυπτίων,

240 5179 465 5241 τούτους
495 5178 592 5249 μὲν
625 5173 879 5236 ἀϐλαϐεῖς
904 5173 1245 5244 διετήρησεν,
1275 5174 1517 5237 ἐκείνους
1544 5175 1600 5227 δὲ
1621 5177 1816 5246 ἐτιμω.

244 5274 475 5344 ρήσατο.

314 5360 462 5429 Στίχ.
492 5357 557 5423 ζ’.
592 5388 659 5397 -
681 5358 862 5411 Ταῦτα
885 5357 962 5423 δὲ,
989 5356 1172 5427 φησιν,
1196 5354 1453 5426 ἐποίησας
1478 5356 1617 5427 ὑπὲρ
1663 5357 1819 5428 ἡμῶν

239 5454 352 5507 τῶν
378 5450 750 5522 ἡγαπημένων
782 5448 886 5502 ὑπὸ
926 5448 1022 5501 σοῦ
1048 5488 1064 5515 ,
1099 5447 1188 5502 ἵνα
1218 5448 1380 5516 ἡμεῖς
1417 5447 1819 5519 ἀπαλλαγῶμεν

241 5547 343 5616 τῆς
365 5544 590 5598 ἐκείνων
616 5540 927 5611 ἐπιϐουλῆς.
957 5534 1090 5593 Εἶτα
1112 5538 1207 5591 καὶ
1226 5538 1515 5610 εὐχόμενος
1544 5539 1818 5611 ἐπιφέρει,

245 5639 431 5701 Ὅπως
458 5638 587 5707 γὰρ,
614 5635 797 5706 φησιν,
826 5632 1082 5697 ἀϐλαϐεῖς
1110 5631 1506 5703 διαμείναντες,
1531 5631 1817 5703 ῥυσθῶμεν

1919 4463 2225 4527 opportuna
2253 4450 2429 4521 :quod
2462 4450 2651 4519 utique
2679 4450 2780 4518 ipsi
2814 4449 2993 4505 facere
3014 4460 3175 4521 atque
3202 4450 3493 4509 observare

1920 4542 2145 4601 minime
2197 4553 2442 4613 possent,
2500 4543 2545 4595 si
2592 4542 2772 4610 specie
2818 4541 3035 4610 quidem
3084 4541 3490 4612 deciperentur,

1919 4637 2234 4691 condictum
2260 4649 2393 4688 vero
2420 4633 2636 4702 signum
2671 4633 3004 4701 ignorarent.
3036 4631 3146 4686 Hoc
3170 4634 3356 4703 itaque
3380 4636 3489 4689 ait:

1921 4723 2077 4790 Quod
2114 4722 2259 4776 sicut
2291 4720 2449 4790 signo
2478 4719 2664 4789 aliquo
2695 4720 3037 4785 discernens,
3074 4736 3264 4776 onmes
3296 4739 3397 4778 nos
3425 4725 3493 4777 ab

1922 4815 2139 4868 illorum
2171 4812 2382 4867 insidiis
2429 4810 2695 4873 Iiberasti,
2740 4818 2798 4863 ut
2859 4828 3035 4882 neque
3088 4828 3115 4865 a
3162 4814 3489 4883 sagittariis.

1923 4922 2099 4975 neque
2124 4905 2193 4957 ab
2225 4904 2333 4957 alio
2360 4902 2544 4971 aliquo
2566 4900 2844 4971 quidpiam
2874 4902 3000 4955 mali
3024 4910 3354 4972 pateremur.
3380 4903 3492 4958 lloc

1921 5010 2103 5053 autem
2138 4996 2301 5051 etiam
2338 4994 2475 5049 dixit
2513 4995 2765 5062 exctuplo
2786 5009 2974 5048 eorum
3013 5012 3135 5063 quae
3173 4995 3227 5050 in
3256 4994 3492 5068 Egyptc

1921 5088 2312 5158 contigerunt:
2344 5085 2473 5155 quia
2526 5085 2683 5154 quasi
2722 5085 2880 5153 signo
2919 5089 3175 5156 quopiam
3227 5091 3492 5158 sanguine

1921 5180 2254 5234 Iiminarium
2305 5179 2405 5232 hos
2449 5178 2518 5231 ab
2555 5176 2828 5248 Egyptiis
2870 5179 3238 5240 distinguens,
3292 5183 3491 5238 illaesos

1921 5269 2242 5335 custodivit,
2283 5267 2565 5339 Egyptios
2594 5285 2722 5325 vero
2749 5270 2978 5340 punivit.

1993 5360 2159 5415 Vsus.
2196 5360 2244 5411 7.
2278 5392 2342 5401 —
2376 5358 2499 5414 Hect:
2543 5368 2747 5423 autem,
2783 5363 2982 5433 inquit,
3030 5378 3130 5432 pro
3172 5365 3333 5419 nouis
3378 5379 3407 5416 a
3442 5373 3496 5419 te

1921 5453 2132 5507 dilectis
2150 5450 2402 5516 cﬂ'ecisti,
2428 5458 2486 5504 ut
2521 5453 2587 5507 ab
2616 5452 2831 5507 illorum
2864 5454 3078 5509 insidiis
3113 5455 3490 5509 liberaremur.

1924 5540 2126 5596 Deinde
2171 5540 2334 5594 etiam
2380 5553 2580 5606 rogans
2625 5540 2931 5611 subjungit,
2993 5543 3058 5597 Ut
3104 5540 3475 5607 nimirumﬁn

1926 5634 2063 5708 quit,
2098 5633 2250 5690 illwsi
2302 5641 2722 5702 permanentes,
2772 5650 2803 5688 a
2846 5634 2987 5690 facie
3029 5650 3192 5691 arcus
3231 5635 3487 5692 liberara-
