3834 6224
376 165 480 224 62.7

1548 148 1900 207 TIIEODORI
1947 145 2424 205 MOPSUES’I‘ENI

3536 153 3656 211 688

376 295 524 343 mur,
572 278 790 333 dilectis
847 276 957 330 tuis
1013 273 1338 344 praedictum
1388 272 1608 342 signum
1655 265 1953 322 tradidisti.

2059 265 2168 318 ἀπὸ
2194 263 2487 335 προσώπου
2506 261 2682 328 τόξου,
2707 264 2822 328 τοῖς
2849 263 3155 335 ἀγαπητοῖς
3182 282 3275 320 σου
3293 266 3396 337 τὴν
3426 269 3659 341 λεχθεῖ-

380 372 498 428 Hoc
550 377 734 426 autem
778 369 944 423 etiam
987 366 1078 421 hic
1106 363 1421 427 dicendum,
1471 360 1620 432 quod
1661 369 1790 414 tunc
1818 360 1952 414 libe-

378 465 490 518 rari
524 469 782 532 poterunt
821 459 891 518 ab
921 456 1164 511 inimicis
1192 453 1585 517 invisibilibus,
1611 452 1832 524 quando
1858 465 1953 506 eos

379 554 616 610 servabit
645 553 868 606 dextera
913 558 1026 612 tua,
1073 547 1246 602 Filius
1301 558 1426 601 tuus
1467 544 1804 616 unigenitus.
1854 541 1955 597 IIic

376 647 524 700 enim
579 645 804 700 dextera
858 640 951 695 Dei
997 653 1371 708 saepenumero
1419 638 1810 706 interpretatus
1847 641 1952 700 est,

378 734 679 804 praesertim
720 731 940 802 quando
991 729 1341 799 praepositum
1393 735 1476 783 est
1513 727 1667 792 illud,
1709 725 1955 781 Stabitiri

377 837 426 879 te
454 825 671 879 dextera
687 823 838 889 justa
863 838 976 875 mea
1003 819 1141 890 (Isa.
1177 835 1286 885 xu,
1318 819 1407 888 10)
1435 835 1448 885 ;
1477 826 1553 885 et,
1579 818 1810 873 Dextera
1839 833 1954 872 mea

377 915 609 984 ﬁrmavit
656 915 843 967 emtum
877 910 1016 982 (Isa.
1068 926 1261 970 vatu,
1314 909 1425 978 15).
1474 907 1770 964 Sciendum
1817 923 1955 978 quo-

377 1005 541 1060 modo
573 1003 773 1058 iterum
819 1001 1011 1054 ordine
1044 999 1418 1070 intelligentia:
1467 1014 1588 1055 sese
1617 998 1860 1053 habeant
1890 1013 1955 1052 ea

376 1112 498 1167 qua:
539 1093 912 1166 proferuntur.
952 1091 1196 1146 Primum
1246 1091 1391 1146 enim
1441 1090 1534 1144 tibi
1586 1089 1949 1151 exaudiverit,

377 1195 562 1243 servat
610 1187 799 1241 Deus:
837 1193 892 1239 et
936 1185 1050 1238 haec
1097 1190 1500 1253 consequenter
1543 1191 1628 1237 est
1684 1182 1955 1236 connexio

380 1279 669 1341 orationis,
698 1288 822 1347 post
846 1276 1026 1345 Salva,
1047 1276 1243 1331 exaudi
1270 1292 1349 1329 me
1380 1274 1648 1330 habentis.
1673 1273 1788 1330 Nisi
1814 1272 1956 1328 forte

379 1373 463 1429 sic
546 1372 920 1441 intelligatur;
967 1370 1126 1440 quasi
1181 1369 1328 1423 dicat
1375 1387 1389 1422 :
1435 1367 1666 1422 Salvans
1730 1367 1954 1421 dextera

376 1463 584 1520 exaudi
625 1480 733 1527 me,
763 1463 839 1517 ita
870 1471 928 1517 ut
976 1462 1109 1516 mihi
1148 1470 1366 1516 servato
1404 1462 1459 1513 in
1494 1460 1635 1515 votis
1672 1459 1744 1514 sit
1769 1458 1953 1514 divina

377 1557 519 1612 bona
563 1555 882 1626 postulare;
927 1554 1040 1607 haec
1072 1562 1257 1607 autent
1303 1568 1411 1606 non
1457 1558 1587 1605 sunt
1635 1551 1742 1604 alia
1783 1565 1946 1620 quam

371 1648 525 1702 dona
563 1645 801 1717 Spiritus
858 1646 1059 1700 sancti.
1098 1643 1272 1697 Porro
1305 1643 1489 1697 dilecti
1537 1642 1630 1696 Dei
1677 1650 1807 1698 sunt
1847 1642 1947 1703 illi,

372 1738 472 1810 qui
506 1738 574 1794 ob
608 1752 820 1792 morum
856 1735 1186 1806 probitatem
1217 1734 1366 1806 digni
1397 1741 1527 1792 sunt
1561 1733 1746 1789 abillo
1774 1731 1948 1805 diligi.

899 1847 1222 1904 PSALMUS
1252 1846 1461 1902 LXVII.

450 1960 614 2018 Vens.
651 1961 736 2017 18.
762 1988 835 2000 -
861 1960 993 2015 Cum
1031 1960 1199 2029 igitur
1229 1941 1468 2029 populus
1509 1959 1668 2030 quasi
1701 1960 1954 2028 captivus

374 2063 526 2110 esset
562 2053 618 2107 in
644 2051 884 2123 Egypto
915 2051 1187 2117 serviens,
1223 2051 1465 2106 extraxit
1493 2065 1589 2106 eos
1627 2065 1658 2105 e
1689 2050 1955 2107 servitute

383 2143 551 2208 Deus,
579 2149 633 2197 et
675 2141 930 2196 liberavit
964 2141 1079 2211 lege
1110 2139 1279 2194 belli:
1316 2154 1442 2194 nam
1470 2154 1597 2194 cum
1632 2137 1820 2194 hostes
1851 2155 1954 2208 pu-

378 2235 635 2299 nivisset,
672 2241 803 2288 tunc
832 2233 984 2304 ipsos
1017 2232 1238 2302 eripuit.
1265 2231 1575 2302 Captivitas
1605 2240 1790 2287 autem
1812 2231 1952 2286 diel-

376 2337 489 2392 tur,
521 2325 792 2398 quidquid
825 2326 944 2398 lege
975 2325 1102 2381 belli
1152 2324 1391 2396 capitur.
1426 2325 1545 2380 Hoc
1576 2332 1661 2382 est
1687 2324 1834 2396 quod
1871 2325 1954 2380 di-

375 2419 489 2486 cit;
546 2432 611 2472 ae
660 2417 708 2473 si
743 2416 936 2472 dicat:
978 2415 1354 2484 Captivitatem
1400 2416 1642 2485 (scilicet
1678 2432 1801 2480 nos,
1859 2417 1953 2487 qui

373 2509 537 2581 quasi
582 2509 640 2564 in
673 2508 995 2580 captivitate
1022 2509 1432 2579 serviebamus)
1463 2511 1724 2578 captivam
1760 2510 1953 2567 ducem

377 2601 673 2671 (tanquam
712 2599 873 2655 fortis
905 2600 1014 2654 dux
1039 2599 1166 2654 belli
1200 2601 1317 2670 lege
1345 2600 1611 2671 vincens)
1649 2601 1949 2666 abduxisti,

376 2699 432 2746 et
468 2690 784 2745 extraxisti.
822 2689 973 2745 Istud
1029 2699 1238 2750 autem,
1294 2689 1592 2744 Ascendisti
1639 2691 1694 2744 in
1741 2689 1952 2744 altum:

377 2781 792 2838 demonstratus
831 2795 914 2845 es,
957 2780 1156 2851 inquit,
1194 2795 1428 2850 magnus
1453 2789 1508 2835 et
1535 2782 1829 2837 excelsus:
1869 2780 1948 2836 id-

379 2875 532 2929 circo
561 2873 808 2942 accepisti
834 2872 975 2926 dona
1004 2873 1055 2925 in
1085 2871 1402 2927 hominibus.
1434 2871 1592 2930 Tunc
1619 2875 1786 2929 etiam
1811 2873 1954 2930 Deus

379 2966 518 3036 ipsis
551 2974 905 3035 praeceperat,
944 2973 1002 3018 ut
1029 2973 1277 3034 peterent
1308 2979 1436 3020 vasa
1479 2973 1739 3037 argentea
1770 2976 1823 3022 et
1855 2982 1953 3020 au-

2057 372 2154 408 σαν
2212 356 2512 426 σημείωσιν
2563 356 2789 420 ἔδωκας.
2841 357 3077 410 Λεκτέον
3109 357 3168 410 δὲ
3200 359 3298 413 καὶ
3335 353 3472 428 ὧδε,
3519 364 3659 418 τόντε

2057 447 2320 518 ῥωσθῆναι
2349 447 2457 503 ἀπὸ
2489 448 2760 520 πολεμίων
2795 449 3042 520 ἀοράτων
3086 451 3409 522 δυνήσονται
3436 493 3452 517 ,
3511 456 3662 511 ὅταν

2059 536 2210 611 σώσῃ
2239 541 2272 608 ὴ
2303 538 2454 603 δεξιά
2489 556 2604 604 σου,
2633 541 2662 592 ὁ
2686 541 2983 611 μονογενής
3020 558 3116 594 σου
3142 542 3292 606 Υἱός.
3328 539 3504 610 Οὗτος
3533 547 3660 619 γὰρ

2055 630 2204 697 δεξιὰ
2239 629 2375 684 Θεοῦ
2407 631 2740 702 ἡρμήνευται
2786 631 3066 696 πολλάκις,
3103 633 3338 703 μάλιστα
3379 637 3470 690 ὅτε
3503 655 3660 709 προ-

2056 721 2234 774 έκειτο
2263 721 2352 784 τὸ,
2411 720 2869 790 Ἠσφαλισὰμην
2897 735 2971 776 σε
2999 721 3075 791 τῇ
3113 722 3281 792 δεξιᾷ
3318 725 3394 794 τῇ
3431 725 3658 796 δικαίᾳ

2052 830 2170 881 μου
2191 829 2204 843 ·
2247 812 2364 876 καὶ,
2405 813 2478 866 ἸΙ
2501 811 2671 877 δεξιά
2695 831 2816 883 μου
2853 813 3180 883 ὲστερέωσε
3215 817 3321 871 τὸν
3347 820 3651 887 οὐρανόν.

2070 903 2418 956 Ἐπιστατέον
2447 903 2523 966 ώς
2563 903 2798 974 ἔμπαλιν
2833 906 2899 976 τῇ
2931 904 3083 970 τάξει
3114 906 3214 978 τῆς
3241 909 3482 978 νοήσεως
3525 909 3654 979 ἔχει

2056 996 2124 1048 τά
2158 995 2256 1066 τῆς
2302 997 2602 1067 προφορᾶς.
2647 997 2916 1068 Πρότερον
2950 999 3061 1070 γὰρ
3092 1000 3442 1066 εἰσακούσας,
3469 1001 3655 1067 σώζει

2057 1086 2187 1151 Θεός
2213 1104 2228 1120 ’
2271 1088 2365 1141 καὶ
2399 1087 2536 1160 αὕτη
2571 1090 2604 1158 ἡ
2639 1089 2948 1153 ἀκολούθως
2975 1092 3211 1164 ἁρμονία
3257 1094 3356 1165 τῆς
3391 1094 3642 1159 λέξεως,

2060 1179 2199 1249 μετά
2235 1179 2295 1232 τὸ
2329 1179 2540 1234 Σῶσον
2569 1183 2629 1236 τὸ
2655 1180 3036 1238 Ἐπάκουσόν
3056 1203 3174 1253 μου
3197 1185 3446 1257 ἐχούσης.
3465 1187 3537 1239 Εἰ
3567 1187 3651 1257 μὴ

2058 1270 2168 1340 ἄρα
2198 1268 2341 1323 οὕτω
2372 1271 2621 1343 νοηθείηο
2657 1271 2844 1337 Σώσας
2870 1277 2937 1345 τῇ
2968 1275 3118 1346 δεξιᾷ
3143 1277 3448 1331 ὲπάκουσόν
3478 1295 3594 1348 μου
3617 1318 3637 1343 ,

2057 1362 2221 1431 εὐχῆς
2248 1361 2413 1431 οὔσης
2443 1363 2569 1433 ἐμοὶ
2600 1363 2677 1434 τῷ
2708 1364 2932 1419 σωθέντι
2959 1367 3086 1437 περὶ
3117 1367 3276 1421 θείων
3299 1368 3525 1437 ἀγαθῶν
3549 1369 3650 1422 αἰ-

2056 1451 2305 1522 τουμένῳ
2329 1467 2343 1479 ·
2371 1453 2472 1506 οὐκ
2497 1452 2632 1506 ἀλλα
2663 1453 2718 1506 δὲ
2740 1453 2912 1509 ταῦτα
2932 1456 3040 1510 τῶν
3063 1455 3159 1510 τοῦ
3197 1457 3512 1528 πνεύματος
3537 1475 3643 1527 χαο

2063 1543 2361 1619 ρισμάτων.
2405 1544 2707 1617 Ἀγαπητοί.
2752 1547 2808 1600 δὲ
2839 1547 2934 1601 τοῦ
2965 1548 3102 1601 Θεοῦ
3151 1549 3539 1619 τυγχάνουσιν,
3592 1553 3646 1604 οὶ

2059 1633 2146 1688 διά
2192 1634 2597 1705 καλοκαγαθίαν
2647 1638 2799 1703 ὄντες
2843 1638 2984 1705 ἄξιοι
3031 1639 3125 1694 τοῦ
3172 1641 3494 1710 ἀγαπᾶσθαι
3545 1642 3646 1696 ὑπ’

2059 1725 2224 1782 αὑτοῦ

2617 1841 2914 1894 ΨΑΛΜΟΣ
2951 1839 3066 1896 ΞΖ’.

2125 1951 2276 2022 Στίχ.
2312 1959 2402 2022 ιη’.
2444 1981 2513 1992 —-
2559 1953 2776 2023 Ἐπειδὴ
2808 1947 2900 2006 οὖν
2945 1955 2974 2007 ό
3012 1953 3140 2018 λαὸς
3173 1955 3249 2019 ώς
3286 1957 3642 2028 αἰχμάλωτος

2052 2037 2122 2113 ἦν
2152 2045 2210 2096 ὲν
2240 2045 2306 2114 τῇ
2352 2043 2614 2113 Αἰγύπτῳ
2644 2044 2932 2111 δουλεύων,
2966 2044 3266 2113 ἐξέσπασεν
3305 2051 3504 2115 αὐτοὺς
3530 2052 3638 2124 τῆς

2053 2132 2294 2196 δουλείας
2323 2135 2352 2187 ό
2375 2134 2524 2198 Θεὸς,
2549 2135 2643 2188 καὶ
2672 2135 2949 2205 ἀπήλλαξε
2979 2137 3217 2208 πολέμου
3249 2140 3396 2211 νόμῳ
3419 2158 3432 2172 ’
3453 2159 3635 2212 τιμω-

2058 2224 2363 2294 ρησάμενος
2385 2224 2495 2296 γὰρ
2519 2227 2645 2289 τοὺς
2663 2227 2959 2294 ἐναντίους,
2983 2227 3126 2282 οὕτω
3144 2231 3366 2295 τούτους
3388 2233 3635 2301 ἀφεῖλεν,

2052 2317 2407 2388 Αἰχμαλωσία
2436 2319 2492 2373 δὲ
2525 2319 2777 2388 λέγεται,
2822 2321 2970 2375 ἅπαν
3010 2323 3071 2376 τὸ
3099 2325 3158 2376 ὲν
3197 2324 3438 2396 πολέμου
3481 2328 3639 2398 νόμῳ

2053 2409 2480 2480 λαμϐανόμενον.
2514 2411 2686 2465 Τοῦτό
2733 2431 2898 2484 φησιν
2921 2431 2934 2445 ο
2971 2415 3046 2479 ώς
3079 2413 3145 2468 ἂν
3183 2418 3313 2490 εἴπῃ
3336 2434 3350 2447 ·
3391 2418 3511 2486 Τὴν
3546 2422 3639 2473 al-

2055 2503 2411 2570 χμαλωσίαν
2456 2502 2738 2575 (δηλονότι
2769 2506 2915 2576 ἡμᾶς
2938 2547 2952 2570 ,
2989 2507 3116 2568 τοὺς
3154 2507 3230 2570 ώς
3262 2509 3320 2562 ἐν
3351 2511 3635 2580 αἰχμαλω-

2055 2595 2146 2664 σίᾳ
2171 2592 2542 2661 δουλεύοντας)
2564 2598 3058 2666 ιιὶχμαλωτεὺσας
3077 2600 3096 2669 (
3117 2599 3192 2662 ὡς
3223 2600 3443 2671 ἰσχυρὸς
3468 2619 3636 2673 στρα-

2054 2685 2252 2754 τιώτης
2294 2684 2532 2753 πολέμου
2572 2685 2722 2755 νόμῳ
2767 2689 3029 2757 νικήσας)
3085 2689 3337 2758 ἀφεῖλες,
3385 2692 3479 2744 καὶ
3523 2693 3633 2746 ἀπ-

2059 2776 2328 2840 έσπασας.
2362 2777 2434 2829 Τὸ
2461 2778 2537 2841 δὲ,
2586 2778 2819 2843 Ἀνέϐης
2845 2780 2932 2843 εὶς
2958 2780 3135 2846 ὕψος,
3165 2780 3432 2851 ἐδείχθης,
3473 2785 3631 2852 φησι,

2058 2871 2232 2941 μέγας
2280 2872 2374 2924 καὶ
2415 2871 2619 2942 ὑψηλός
2647 2888 2659 2902 ·
2714 2871 2803 2924 διὰ
2849 2873 3007 2925 τοῦτο
3053 2873 3266 2940 ἔλαϐες
3305 2875 3535 2944 δόματα
3563 2878 3634 2930 ἐν

2012 2983 2020 2987 ’
2055 2963 2406 3032 ἀνθρώποις.
2439 2964 2743 3034 Προσέταξε
2774 2964 2884 3035 γὰρ
2921 2965 3104 3030 αὐτοῖς
3136 2966 3254 3020 τότε
3283 2970 3311 3021 ό
3342 2967 3474 3031 Θεὸς
3493 3012 3508 3035 ,
3550 2971 3634 3023 at-

377 3072 470 3113 rea
498 3074 514 3120 ;
549 3065 715 3127 atque
748 3056 838 3111 ubi
874 3056 988 3110 haec
1021 3054 1351 3126 petivissent
1385 3065 1715 3128 acceperunt
1742 3057 1950 3129 (Exod.

2059 3056 2220 3127 τῆσαι
2250 3056 2417 3125 σκεύη
2454 3057 2670 3126 ἀργυρᾶ
2701 3056 2794 3109 καὶ
2819 3057 2996 3127 χρυσᾶ
3015 3072 3027 3084 ·
3058 3057 3349 3112 καὶταῦτα
3377 3061 3631 3130 αἰτήσαν-

378 3147 502 3218 ix):
549 3146 746 3202 deinde
791 3157 968 3202 morte
1002 3149 1367 3218 primogenita
1412 3148 1704 3204 iuvadente
1745 3148 1952 3219 (Exod.

378 3240 511 3310 xu),
542 3246 845 3310 eruperunt
878 3253 944 3292 ex
977 3237 1236 3310 IEgypto,
1271 3237 1498 3311 iubente
1529 3239 1660 3308 Deo,
1687 3241 1954 3298 habentes

377 3329 541 3384 etiam
569 3343 721 3383 vasa.
765 3326 884 3383 Non
934 3329 1124 3399 igitur,
1176 3330 1375 3399 inquit,
1410 3346 1512 3387 nos
1552 3333 1727 3386 solum
1772 3341 1954 3387 extra-

379 3419 534 3486 xisti,
560 3428 616 3474 et
646 3434 676 3475 e
704 3420 970 3476 servitute
1002 3420 1269 3484 liberasti,
1308 3421 1403 3476 sed
1435 3422 1603 3476 etiam
1629 3421 1770 3476 dona
1801 3437 1956 3478 acce-

380 3511 513 3583 pisti
539 3512 608 3566 ab
635 3511 974 3574 hominibus,
1005 3512 1164 3580 quasi
1188 3529 1312 3565 cum
1337 3512 1500 3569 donis
1525 3514 1782 3570 omnibus
1806 3515 1954 3586 ipsos

379 3600 811 3656 dimittentibus.
857 3601 1128 3654 Caeterum
1161 3600 1457 3668 Apostolus
1484 3601 1590 3656 hoc
1637 3601 1955 3656 testimonio

380 3706 516 3748 usus
547 3699 632 3747 est
666 3689 893 3762 (Ephes.
925 3705 997 3756 tv,
1024 3689 1085 3758 8)
1125 3691 1281 3760 quasi
1317 3691 1385 3746 de
1411 3691 1670 3759 Christo;
1695 3693 1954 3762 quoniam

379 3792 432 3838 et
471 3783 589 3852 ipse
627 3797 728 3838 nos
759 3782 864 3838 sub
904 3781 1126 3837 diabolo
1158 3783 1402 3852 captivos
1439 3782 1796 3845 exsistentes,
1830 3799 1954 3838 cum

382 3874 562 3944 ipsum
615 3874 811 3944 proelio
845 3874 982 3928 inito
1029 3873 1346 3937 devicisset,
1387 3873 1610 3928 exemit.
1662 3872 1954 3944 Propterea

381 3982 507 4023 cum
540 3967 686 4023 istud
717 3966 966 4035 accepisti
995 3964 1138 4019 dona
1171 3974 1364 4020 nostro
1395 3965 1650 4035 loquendi
1676 3969 1814 4020 mori
1846 3983 1955 4022 non

382 4061 711 4130 quadraret,
749 4075 858 4128 quo
899 4059 954 4112 in
994 4057 1392 4112 ecclesiasticis
1416 4059 1701 4112 sententiis
1726 4060 1954 4132 utimur,

383 4153 683 4206 immutans
706 4149 930 4205 verbum
965 4149 1234 4215 accepisti,
1270 4148 1408 4202 dixit
1429 4149 1639 4202 dedisti.
1672 4148 1787 4205 IIoc
1808 4151 1957 4206 enim

384 4240 609 4298 Christo
662 4242 839 4312 magis
885 4241 1244 4310 congruebat,
1300 4249 1360 4293 ut
1387 4240 1480 4310 qui
1508 4255 1617 4295 non
1662 4243 1954 4312 acceperit,

2054 3161 2146 3209 τες
2187 3145 2406 3199 ἕλαϐονυ
2463 3141 2584 3199 εἶτα
2640 3145 3041 3210 καταλαϐόντος
3091 3146 3185 3200 τοῦ
3236 3147 3469 3202 θανάτου
3521 3150 3632 3204 τῶν

2056 3237 2438 3306 πρωτοτόκων,
2476 3235 2803 3308 ἐξώρμησαν
2823 3237 2920 3307 τῆς
2945 3238 3220 3306 Αἰγύπτου
3244 3239 3324 3311 τῷ
3355 3243 3632 3312 προστάγ-

2059 3347 2188 3402 ματι
2215 3330 2308 3383 τοῦ
2333 3329 2490 3393 Θεοῦ,
2522 3330 2735 3399 ἔχοντες
2761 3329 2854 3383 καὶ
2892 3330 2960 3383 τά
2985 3331 3175 3402 σκεύη.
3207 3332 3318 3402 Οὐχ
3344 3335 3492 3403 ἡμᾶς
3516 3331 3627 3401 οὖν,

2057 3422 2220 3492 φησὶ,
2257 3421 2413 3492 μόνον
2440 3422 2662 3491 ἀφείλου
2684 3462 2698 3486 ,
2735 3421 2828 3475 καὶ
2857 3423 2955 3492 τῆς
2999 3423 3244 3488 δουλείας
3277 3425 3590 3497 ἀπήλλαξας
3612 3445 3625 3458 ·

2056 3513 2189 3568 ἀλλά
2211 3515 2305 3567 καὶ
2331 3513 2540 3584 δόματα
2562 3513 2752 3577 ἔλαϐες
2775 3515 2924 3585 παρά
2951 3515 3058 3566 τῶν
3083 3515 3406 3587 ἀνθρώπων,
3435 3517 3628 3572 ὡσανεὶ

2061 3607 2198 3676 μετά
2236 3606 2422 3676 δώρων
2460 3607 2678 3660 πάντων
2712 3607 2910 3670 αὐτοὺς
2946 3606 3368 3677 ἐκπεμψάντων.
3433 3609 3624 3680 Ἐχρή-

2059 3714 2189 3751 σατο
2227 3697 2283 3749 δὲ
2311 3697 2340 3748 ὁ
2381 3696 2702 3760 ’Λπόστολος
2748 3697 2923 3771 ταύτῃ
2959 3701 3025 3769 τῇ
3059 3682 3353 3771 μαρτυρίᾳ,
3397 3700 3472 3765 ώς
3503 3702 3626 3772 περὶ

2056 3788 2149 3842 τοῦ
2175 3789 2409 3860 Χριστοῦ
2434 3806 2447 3820 ο
2476 3790 2556 3843 ὅτι
2583 3789 2675 3844 καὶ
2704 3790 2864 3853 αὐτὸς
2893 3792 3272 3862 αἰχμαλώτους
3295 3795 3446 3864 ἡμᾶς
3472 3794 3625 3858 ὄντας

2057 3880 2163 3933 ὑπὸ
2179 3879 2272 3933 τοῦ
2297 3879 2565 3945 διαϐόλου,
2597 3881 2746 3952 μάχῃ
2770 3883 2835 3951 τῇ
2863 3882 2997 3951 πρὸς
3021 3882 3182 3936 αὐτὸν
3207 3885 3455 3954 νικήσας,
3473 3885 3624 3953 ἀφεί-

2057 3972 2195 4025 λετο.
2231 3971 2328 4024 Διά
2365 3971 2522 4025 τοῦτο
2561 3972 2744 4042 ἐπειδὴ
2771 3971 2831 4025 τὸ
2873 3972 3127 4040 Ἔλαϐες
3154 3973 3379 4044 δόματα
3414 3975 3508 4046 οὐχ
3533 3977 3626 4048 ἥρ-

2062 4082 2223 4134 μοττε
2255 4065 2394 4118 κατά
2429 4063 2490 4116 τὸ
2525 4064 2651 4134 παρ’
2693 4065 2826 4134 ἡμῖν
2859 4063 2979 4128 ἔθος
3003 4105 3017 4128 ,
3047 4063 3236 4136 ὥσπερ
3272 4068 3330 4120 ὲν
3370 4069 3488 4128 ταῖς
3516 4067 3624 4122 δια-

2057 4154 2236 4218 λέξεσι
2267 4156 2387 4216 ταῖς
2419 4152 2905 4223 ἐκκλησιαστικαῖς
2938 4153 3288 4223 κεχρήμεθα,
3319 4153 3621 4221 ὑπαλλάξας

2059 4245 2117 4298 τὸ
2137 4243 2409 4307 Ἔλαϐες,
2430 4238 2580 4296 εἷπεν
2607 4243 2667 4296 τὸ
2685 4242 2974 4308 νΕδωκας.
2999 4241 3168 4295 Τοῦτο
3188 4242 3295 4314 γὰρ
3311 4241 3625 4314 ἁρμοδιώτε-

384 4329 478 4389 sed
509 4344 632 4404 post
659 4346 953 4387 ascensura
989 4345 1150 4384 suum
1202 4329 1258 4383 in
1291 4331 1461 4384 cmlos
1503 4329 1742 4400 Spiritus
1775 4334 1953 4389 sancti

2064 4353 2156 4407 ρον
2181 4337 2274 4388 ἐπὶ
2301 4335 2560 4404 Χριστοῦ,
2588 4335 2648 4387 οὐ
2683 4334 2938 4397 λαϐόντος
2957 4375 2972 4400 ,
3010 4332 3145 4387 ἀλλά
3170 4332 3307 4403 μετά
3335 4334 3434 4405 τὴν
3453 4333 3622 4388 ἄνοδον

381 4423 526 4479 dona
555 4424 787 4494 largitus
825 4422 919 4478 sit.

873 4649 1194 4706 PSALMUS
1222 4651 1454 4707 LXVIII.

2063 4427 2160 4496 τὴν
2184 4427 2242 4479 ἐν
2264 4427 2376 4490 τοῖς
2403 4425 2650 4496 οὐρανοῖς
2678 4423 2968 4488 δεδωκότος
2995 4423 3089 4476 τοῦ
3110 4422 3421 4495 πνεύματος
3439 4422 3506 4476 τά
3531 4440 3621 4493 χαο

2066 4521 2326 4591 ρίσματα.

2625 4653 2918 4709 ΨΑΛΜΟΣ
2952 4653 3080 4707 ΞΗ’.

413 4771 489 4841 (1)
529 4767 782 4838 Ejusdem
818 4764 881 4818 de
917 4765 1347 4832 interpretatione
1375 4767 1689 4841 sexagesimi
1713 4771 1901 4841 octavi
1937 4771 2156 4836 psalmi,
2195 4769 2251 4822 in
2287 4766 2444 4822 verba
2483 4766 2581 4819 illa
2614 4782 2632 4818 :
2665 4763 2941 4821 Dederunt
2977 4765 3033 4819 in
3065 4779 3249 4820 escam
3283 4779 3454 4820 meam
3493 4763 3587 4833 fel,

1447 4844 1501 4890 et
1541 4838 1593 4890 in
1634 4838 1726 4893 siti
1766 4854 1886 4894 mea
1924 4847 2254 4910 potaverunt
2290 4854 2376 4892 me
2411 4845 2590 4892 aceto.

453 4955 724 5020 Quoniam
770 4954 879 5008 cibi
920 4961 974 5008 et
1020 4960 1182 5024 potus
1231 4966 1431 5008 suaves
1474 4951 1691 5022 quidem
1739 4951 1878 5009 ﬁunt
1919 4957 1974 5011 in
2019 4965 2261 5026 tempore
2313 4953 2536 5026 gaudii,
2585 4954 2834 5010 insuavia
2875 4960 3056 5008 autem
3099 4961 3154 5009 et
3195 4966 3385 5007 amara
3435 4953 3488 5009 in
3530 4957 3619 5012 tri-

383 5049 573 5115 stitia;
621 5049 752 5102 talia
789 5054 982 5113 erant,
1044 5048 1254 5119 inquit,
1306 5062 1427 5117 quae
1473 5047 1544 5102 ab
1583 5047 1692 5102 illis
1747 5049 1982 5117 ﬁebant,
2020 5058 2082 5106 ut
2123 5066 2190 5106 ex
2232 5049 2455 5106 tristitia
2496 5057 2552 5106 et
2593 5049 2678 5104 ira
2721 5059 2869 5105 esset
2912 5048 3132 5120 quidem
3171 5051 3304 5105 mihi
3348 5051 3405 5106 in
3451 5051 3615 5105 locum

383 5141 529 5194 fellis
567 5141 764 5201 cibus,
812 5147 960 5194 esset
1007 5147 1190 5193 autem
1236 5147 1291 5193 et
1339 5138 1490 5208 potio
1537 5146 1694 5194 aceto
1741 5141 1880 5197 nihil
1922 5141 2202 5199 diﬁcrens.
2255 5141 2490 5197 Maxime
2537 5151 2724 5197 autem
2774 5142 2879 5198 hoc
2931 5144 2992 5196 tit
3037 5143 3096 5198 in
3154 5143 3458 5198 iracundiis
3507 5158 3615 5214 qua:

386 5235 440 5288 in
481 5233 835 5288 tribulatione
885 5231 1055 5297 ﬁunt,
1100 5231 1250 5303 quod
1295 5232 1594 5288 verisimile
1647 5241 1768 5287 erat
1815 5237 1926 5304 pati
1974 5252 2071 5293 eos
2118 5245 2315 5292 contra
2364 5252 2518 5294 suos.
2573 5237 2721 5294 Usus
2769 5245 2953 5294 autem
2999 5247 3084 5294 est
3132 5239 3473 5311 evangelista
3520 5239 3614 5293 hoc

384 5324 702 5381 testimonio
740 5323 794 5378 iu
849 5321 1115 5390 Domino,
1165 5330 1219 5378 et
1262 5323 1382 5394 ipse
1427 5331 1608 5379 autem
1659 5320 1965 5383 Dominus:
2010 5326 2168 5385 Zelus
2219 5328 2408 5384 domus
2457 5337 2560 5384 tua:
2603 5328 2830 5384 comedit
2873 5343 2992 5398 me,
3039 5329 3108 5386 de
3153 5332 3340 5402 seipso
3391 5330 3614 5399 dicens;

461 5528 534 5598 (1)
575 5523 652 5582 Ex
702 5527 938 5584 concilio
978 5526 1086 5583 (ΞΡ.
1121 5541 1287 5596 supra
1334 5526 1526 5595 citato,
1574 5524 1750 5582 Mansi
1801 5525 1904 5594 IX,
1950 5529 2077 5588 2l5.
