3834 6224
121 325 227 385 889
1315 320 1402 376 EX
1413 320 1683 378 POSITIO
1737 320 1805 374 IN
1846 320 2179 377 PSALMOS.
3285 322 3391 380 690

121 449 180 497 et
220 440 413 495 beatus
450 437 655 493 Paulus
702 436 1017 495 de'Judaais
1059 438 1335 509 loquens:
1386 435 1510 492 Fiat
1540 452 1719 491 mensa
1757 452 1977 501 eorum,
2006 448 2156 506 etc.;
2203 449 2259 493 et
2301 438 2495 496 beatus
2539 437 2739 496 Petrus
2782 438 2850 495 de
2889 437 3075 496 Juda:
3122 438 3251 495 Fiat
3294 440 3395 494 ha-

123 535 316 591 bitatio
359 533 473 603 ejus
518 531 748 587 deserta.
801 531 869 587 Et
911 540 1063 589 certe
1107 532 1346 589 diversis
1398 531 1717 588 constitutis
1768 532 1971 595 rebus,
2025 547 2134 588 non
2183 534 2343 603 quasi
2400 535 2613 604 psalmo
2659 534 2825 590 modo
2875 535 3096 604 quidem
3149 551 3249 604 pro
3303 535 3393 591 his

123 631 314 694 dicto,
360 628 557 683 iterum
607 638 789 683 autem
833 628 902 684 de
947 629 1083 694 illo,
1132 637 1188 685 et
1234 629 1432 683 iterum
1483 628 1551 683 de
1597 626 1744 681 alio:
1790 625 1889 681 sed
1927 627 2056 697 quia
2100 626 2169 684 de
2215 627 2420 684 Iudaeis
2457 630 2605 685 dicta
2651 640 2779 685 sunt
2824 631 3023 699 plura,
3067 629 3165 700 qui
3208 645 3269 686 se
3309 644 3395 686 se-

123 730 463 794 paraverunt
521 721 592 778 de
642 722 755 778 Deo
815 734 872 778 et
926 724 1079 796 lege,
1137 724 1526 780 convincentia
1589 724 1810 778 illorum
1865 723 2313 790 indevotionem,
2375 728 2726 780 necessarius
2788 734 2874 781 est
2932 726 3389 781 testimoniorum

126 829 264 869 usus
309 811 477 868 simul
522 819 577 868 et
625 827 693 867 ex
741 813 907 872 rebus
946 822 1142 885 captus
1188 816 1371 885 qualis
1417 823 1537 882 est,
1592 811 1858 867 Dederunt
1901 813 1955 867 in
1996 830 2173 869 escam
2220 833 2389 871 meam
2434 817 2540 885 fet,
2585 811 2634 870 et
2680 819 2734 872 in
2779 818 2871 871 siti
2918 834 3031 873 mea
3079 826 3397 887 potarerunt

126 922 209 961 nte
257 916 424 961 aceto.

199 1023 349 1093 Στίχ.
396 1022 499 1089 κζ’.
535 1056 605 1066 -
647 1025 759 1079 Kal.
802 1026 878 1098 (ι)
914 1027 1206 1081 ἀπέκειντο
1252 1028 1429 1081 πάντα
1475 1028 1707 1099 δρῶντες

1885 1027 2052 1085 Vens.
2087 1030 2177 1086 27.
2205 1061 2274 1071 —
2302 1030 2371 1085 Et
2414 1031 2737 1087 institerunt
2780 1033 2965 1087 omnia
2991 1032 3257 1088 adversus
3294 1047 3396 1088 nos

129 1114 252 1168 καθ’
299 1116 474 1185 ἡμῶν,
517 1118 605 1171 ἀεὶ
656 1121 777 1183 ταῖς
826 1119 1342 1190 προλαμῦανούσαις
1400 1138 1643 1191 συμφορς

1881 1132 2050 1188 utare,
2085 1124 2524 1194 praecedentibus
2554 1126 2961 1181 calamitatibus
3012 1142 3230 1196 semper
3256 1126 3395 1182 alias

131 1207 326 1277 ἑτέρας
351 1210 666 1278 εἰσάγοντες
687 1252 700 1273 ,
735 1212 830 1265 καὶ
857 1212 1114 1266 οὐδέποτε
1151 1214 1410 1285 λήγοντες
1437 1214 1530 1266 τοῦ
1573 1231 1645 1283 πρ

1888 1218 2310 1286 perinducentes
2328 1258 2341 1282 ,
2367 1226 2422 1274 et
2446 1235 2726 1290 nunquam
2756 1235 2785 1273 a
2812 1219 2951 1274 bello
2974 1218 3264 1274 adversum
3292 1233 3394 1273 nos

130 1300 163 1370 ἡ
172 1301 279 1369 μᾶς
307 1301 569 1370 πολέμου.

1815 1322 2120 1367 (³088311108.

203 1391 354 1460 Στίχ.
383 1391 492 1463 κη’.
537 1422 600 1432 --
632 1394 745 1447 Οὐκ
785 1394 896 1466 ἔχει
939 1397 967 1448 ὁ
1005 1396 1137 1461 Θεὸς
1166 1398 1364 1460 αἰτίαν,
1404 1398 1452 1450 εί
1483 1398 1619 1468 πρὸς
1652 1396 1711 1450 ὃν

1888 1403 2053 1460 Vens.
2085 1406 2175 1460 28.
2206 1437 2277 1450 —
2308 1406 2447 1461 Deus
2480 1422 2590 1460 non
2628 1414 2714 1461 est
2765 1405 2820 1459 in
2869 1419 3062 1469 causa,
3124 1403 3169 1458 si
3208 1401 3394 1455 traditi

131 1483 407 1554 ἐπόθησαν
441 1485 851 1557 παραδέδονται,
882 1488 1084 1560 δηλαδὴ
1115 1489 1192 1560 τῷ
1225 1490 1360 1542 Θεοῦ
1399 1490 1643 1543 ἀποστατ

1880 1507 1929 1549 nt
1965 1498 2042 1550 illi
2095 1514 2255 1567 quem
2307 1497 2711 1562 desiderarunt,
2769 1496 2983 1553 scilicet
3039 1494 3263 1548 diabolo
3300 1491 3394 1547 Dei

133 1588 292 1625 σαν-τι
339 1573 607 1645 διαϐόλῳ·
653 1575 1005 1640 ἐξαπέστειλε
1054 1579 1182 1646 γοῦν
1228 1579 1424 1642 αὐτοὺς
1465 1578 1605 1631 κατὰ
1644 1600 1647 1612 ι

1879 1589 2128 1643 τεθτιοι·ἰι
2174 1590 2384 1643 dimisit
2432 1590 2598 1660 igitur
2648 1605 2743 1644 eos
2790 1586 3093 1643 secundum
3130 1585 3393 1637 adinven-

131 1668 547 1738 ἐπιτηδεύματα
580 1669 686 1721 τῶν
714 1669 950 1739 καρδιῶν
985 1670 1191 1723 αὐτῶν·
1221 1670 1301 1723 διὸ
1327 1670 1645 1740 προστιθέαι

1883 1696 1998 1734 mes
2031 1680 2278 1734 rordium
2313 1681 2556 1749 ipsorum
2588 1697 2603 1745 ;
2652 1677 2860 1733 idcirco
2892 1680 3263 1746 apposuerunt
3292 1671 3397 1725 ini-

131 1758 367 1827 ἀνομίας
406 1760 492 1811 ἐπ’
531 1761 803 1829 ἀνομίαις.
841 1761 950 1830 Τὴν
985 1762 1142 1815 σκιὰν
1176 1762 1232 1816 δὲ
1275 1762 1369 1815 τοῦ
1405 1761 1571 1830 νόμου
1613 1779 1643 1813 τ

1880 1772 2056 1826 iitatcs
2114 1788 2281 1840 super
2338 1771 2679 1842 iniquitates.
2737 1770 3007 1824 Caeterum
3072 1780 3198 1822 cum
3258 1764 3394 1833 legis

130 1849 394 1920 ἐλθούσης
446 1854 883 1922 προτιμήσαντες
926 1852 1216 1922 ἀληθείας,
1254 1852 1571 1921 ἐξώσθησαν
1619 1869 1644 1903 κ

1882 1865 2065 1919 nhram
2089 1874 2250 1919 ventu
2262 1880 2331 1923 rte
2354 1864 2570 1919 veritati
2600 1862 2961 1934 prretulerint,
2991 1861 3154 1915 etiam
3180 1856 3396 1926 expulsi

128 1943 226 1993 τοῦ
256 1942 422 1994 τόπου
452 1947 552 2014 τῆς
582 1945 815 2014 τυπικῆς
848 1945 1125 2016 λατρείας,
1162 1950 1226 2016 τῇ
1260 1947 1503 2017 προτέρᾳ
1539 1962 1642 2015 προ

1889 1964 1948 2010 nt
1993 1973 2022 2011 e
2075 1957 2196 2011 loco
2249 1960 2431 2012 cultus
2483 1956 2751 2027 tigni-alis,
2804 1954 2908 2009 hoc
2952 1962 3180 2025 peccato
3221 1951 3393 2021 priori

70 2062 76 2069 -
128 2030 372 2093 τιθέντες
408 2032 673 2102 ἁμαρτίᾳ,
712 2035 771 2086 ὲν
800 2033 876 2103 τῷ
892 2034 992 2100 τῆς
1031 2035 1285 2097 Ἰουδαίας
1303 2036 1580 2105 ἕξωβούλε

1886 2048 2165 2118 jicienles,
2211 2048 2358 2117 quod
2393 2054 2545 2101 extra
2572 2044 2813 2099 Judatam
2849 2042 3123 2100 voluerint
3174 2044 3281 2097 ista
3317 2040 3396 2094 fa-

129 2120 308 2175 ταῦτα
340 2126 533 2185 ποιεῖν,
573 2122 655 2176 διὸ
679 2125 779 2177 οὐκ
810 2128 1149 2196 εἰσέρχονται
1188 2128 1245 2178 ἐν
1285 2126 1602 2197 δικαιοσύνῃ

1883 2156 1959 2203 re,
2010 2139 2132 2193 ideo
2176 2154 2286 2192 non
2325 2140 2531 2192 intrant
2567 2138 2621 2190 in
2666 2136 2971 2205 justitiam,
3030 2149 3151 2203 quze
3182 2140 3267 2188 est
3300 2147 3396 2201 per

128 2214 220 2266 διὰ
250 2214 486 2278 πίστεως
532 2215 704 2284 Ἰησοῦ
736 2218 973 2287 Χριστοῦ
997 2236 1009 2248 ο
1050 2219 1178 2288 περὶ
1205 2214 1272 2289 ἧς
1305 2220 1550 2290 εἴρηται·
1583 2221 1642 2272 Νη

1893 2249 1976 2286 em
1999 2231 2125 2286 Jesu
2152 2232 2379 2296 Christi,
2425 2231 2492 2284 de
2516 2244 2622 2299 qua
2646 2230 2852 2283 dictum
2878 2234 2959 2281 est
2986 2245 2998 2280 :
3029 2224 3187 2278 Nunc
3221 2232 3404 2275 autem.

127 2305 200 2358 δὲ
242 2308 420 2375 χωρίς
457 2309 646 2377 νόμου
688 2309 1045 2378 δικαιοσύνη
1075 2311 1222 2364 Θεοῦ
1273 2311 1641 2380 πεφανέρωτι

1880 2343 1927 2380 te
1955 2326 2064 2396 lege
2102 2325 2323 2394 justitia
2366 2322 2465 2376 Dei
2507 2320 2852 2390 manifestata
2894 2326 2993 2381 est,
3044 2316 3331 2383 testiﬁcata
3362 2328 3394 2365 α

124 2399 583 2489 μαρτυρουμένη
616 2400 733 2454 ὑπὸ
759 2400 863 2454 τοῦ
894 2402 1081 2469 νόμου
1105 2400 1201 2454 καὶ
1232 2400 1349 2454 τῶν
1368 2401 1638 2470 προφητιῐ

1881 2434 1922 2483 γε
1959 2428 2005 2471 et
2034 2418 2300 2485 prophetis
2332 2413 2515 2485 (Rom.
2549 2429 2632 2479 ιιι,
2659 2411 2780 2480 2|).
2813 2410 2951 2464 Cum
2986 2407 3129 2462 enim
3178 2420 3395 2472 semper

132 2488 269 2559 Περὶ
297 2489 455 2541 σκιὰν
483 2490 591 2561 γὰρ
618 2490 833 2559 ἔχοντες
862 2492 969 2554 ἀεὶ,
1007 2491 1124 2554 πῶς
1168 2493 1488 2562 εἰσήρχοντο
1532 2496 1591 2546 ἐν
1635 2494 1646 2545 t‘

1878 2512 2026 2565 nbra:
2061 2510 2425 2570 adhmrerent,
2473 2505 2753 2577 quomodo
2799 2504 3101 2557 intrassent
3132 2500 3186 2553 in
3226 2498 3392 2567 justi-

130 2580 392 2674 καιοσύνῃ
414 2582 481 2652 ἢν
503 2584 778 2654 ἠγνόησαν
806 2583 941 2637 Θεοῦ
964 2603 977 2650 ;
1010 2584 1127 2652 Τὴν
1153 2584 1311 2639 ἰδίαν
1335 2584 1445 2654 γὰρ
1469 2585 1644 2653 (nam)

1896 2622 1944 2658 m
1979 2604 2073 2659 Dei
2109 2617 2275 2674 quam
2314 2598 2685 2671 ignorabant?
2718 2596 2884 2651 Suam
2915 2595 3060 2647 enim
3104 2600 3404 2661 quwrentes.

130 2690 230 2738 τες
245 2672 502 2742 στῆσαι,
536 2673 610 2743 τῇ
635 2674 987 2742 δικαιοσύνῃ
1019 2675 1125 2728 τοῦ
1154 2676 1302 2730 Θεοῦ
1331 2679 1443 2746 οὐχ
1490 2680 1640 2731 ὑπετ

1870 2706 2065 2758 aluere,
2094 2672 2321 2764 justitiw
2344 2691 2440 2746 Dei
2465 2708 2570 2745 non
2595 2697 2719 2743 sunt
2743 2686 2966 2758 subjecti
2997 2684 3182 2755 (Rom.
3202 2699 3258 2750 κ,
3289 2680 3344 2751 5)
3371 2698 3384 2734 :

132 2781 365 2834 γησαν·
396 2766 595 2820 ταύτὸν
629 2767 735 2839 γὰρ
759 2766 819 2820 τὸ
857 2768 1218 2838 ὑποταγῆναι,
1253 2768 1331 2840 τῷ
1359 2768 1621 2822 εἰσελθεῖν

1652 2769 1710 2820 ἐν
1816 2803 1941 2842 nam
1972 2788 2113 2842 idem
2143 2794 2228 2841 est
2256 2784 2479 2852 subjici,
2514 2782 2659 2853 quod
2692 2781 2896 2835 intrare
2930 2779 2985 2831 in
3020 2791 3164 2832 eam.

128 2860 293 2930 αὐτῇ.

202 2950 354 3019 Στίχ.
386 2950 491 3004 κθν.
525 2980 595 2991 --
646 2952 1109 3021 Ἔξαλειφθεῖεν,
1155 2952 1435 3005 τουτέστιν
1484 2952 1710 3007 ἀποθά-

1888 2967 2054 3022 Vens.
2076 2966 2167 3019 29.
2192 2996 2263 3005 ——
2289 2964 2597 3022 Dcleantur,
2632 2962 2683 3015 id
2706 2966 2793 3016 est
2813 2959 3132 3013 moriantur.
3164 2953 3391 3007 Librum

130 3058 314 3094 νοιεν.
356 3042 545 3094 Βίϐλον
573 3042 631 3095 δὲ
660 3042 807 3110 λέγει
846 3041 1084 3107 ζώντων,
1116 3041 1192 3105 ὡς
1222 3041 1316 3095 τοῦ
1356 3042 1491 3096 Θεοῦ
1520 3044 1644 3096 ὤσπ

1888 3068 1996 3113 tem
2022 3059 2153 3112 dicit
2183 3056 2501 3118 viventium,
2533 3052 2691 3123 quasi
2722 3049 2866 3105 Deus
2889 3050 2942 3103 in
2973 3048 3112 3102 libro
3133 3044 3402 3116 quopiam.

132 3131 188 3180 ἐν
229 3127 396 3199 βίϐλῳ
422 3128 529 3181 τινὶ
562 3128 689 3192 τοὺς
725 3130 936 3193 ζῶντας
961 3129 1176 3199 ἔχοντος
1213 3130 1646 3201 καταλεγομένου

1875 3160 2058 3207 ventes
2098 3151 2295 3204 habeat
2344 3147 2674 3207 recensitos,
2716 3158 2782 3200 ex
2827 3140 3146 3211 metaphora
3178 3150 3389 3208 regum,

130 3222 195 3273 ἐκ
243 3223 553 3291 μεταφορᾶς
604 3220 713 3273 τῶν
754 3220 1042 3290 βασιλέων,
1078 3219 1186 3273 τῶν
1224 3222 1281 3273 ἐν
1332 3225 1451 3285 ταῖς
1508 3222 1644 3292 βίϐλι

1876 3246 1904 3297 Ii
1940 3244 1995 3296 in
2033 3240 2188 3298 libris
2216 3238 2449 3308 scriptos
2470 3237 2669 3291 habent
2695 3233 2977 3302 oatalogos
3002 3232 3205 3286 ducum
3229 3241 3390 3283 exer-

131 3307 361 3376 ὲχόντων
399 3308 882 3380 ἐγγεγραμμένους
920 3310 1046 3373 τοὺς
1076 3309 1184 3361 τῶν
1221 3311 1569 3380 στρατιωτῶν
1607 3329 1708 3366 κα-

128 3398 409 3463 ¹ιςιτλόνους.

1812 3340 1959 3395 citus

695 3515 989 3569 ΨΑΛΜΟΣ
1022 3516 1144 3570 OA'.

2319 3548 2640 3608 PSALMUS
2693 3546 2877 3601 LXXI.

201 3643 455 3750 Στίχ.“ε’.
487 3674 557 3686 -
591 3646 666 3699 Τὸ
692 3648 810 3714 πρό
842 3648 941 3717 οὐχ
980 3647 1057 3711 ὡς
1083 3650 1175 3701 ἐπὶ
1202 3651 1393 3720 χρόνου
1433 3648 1602 3719 λέγει,
1631 3649 1707 3714 ὥς

1883 3649 2052 3705 Vens.
2099 3650 2152 3703 5.
2190 3676 2259 3686 —
2290 3644 2441 3701 Istud
2491 3652 2611 3695 ante
2661 3657 2767 3695 non
2815 3637 2977 3709 quasi
3027 3635 3094 3691 de
3143 3642 3396 3703 tempore

1906 3744 1917 3750 -
2053 3749 2058 3750 ,
2123 3741 2153 3750 ..
2240 3739 2251 3750 ι
2367 3744 2378 3750 -
2533 3744 2543 3750 .
2675 3749 2678 3750 ,
2733 3749 2736 3750 ,
2793 3731 2993 3750 ____I_...
3028 3729 3130 3750 ι.--
3165 3726 3396 3750 ι.-ι.Α-Αι

123 3752 274 3799 τινες
302 3735 561 3806 ᾠήθησαν
581 3752 594 3768 ·
620 3738 743 3789 ἐπεὶ
767 3737 929 3791 ποίαν
951 3736 1063 3802 ’έξει
1087 3738 1224 3811 πρὸς
1249 3739 1309 3792 τὸ
1339 3740 1637 3809 παραμένε

1882 3744 1969 3806 cit,
2007 3749 2065 3796 ut
2087 3739 2254 3810 aliqui
2287 3744 2588 3808 putarunt;
2623 3749 2745 3787 nam
2781 3731 2996 3801 qualem
3028 3729 3133 3783 hoc
3165 3726 3396 3781 haberet

124 3826 488 3895 ἀκολουθίαν;
520 3828 978 3898 Συμπαραμενεῐ
1023 3830 1162 3900 γὰρ,
1218 3832 1387 3901 φησι,
1435 3830 1516 3895 τῷ
1556 3833 1637 3900 ἠλ

1882 3836 2211 3891 nnexionem
2262 3846 2387 3886 cum
2415 3828 2585 3883 verbo
2609 3840 2910 3896 permanere
2930 3825 2955 3876 ἰ)
2981 3819 3116 3876 Nam
3151 3832 3390 3887 comper-

126 3918 230 3970 καί
262 3916 378 3985 πρὸ
408 3915 520 3984 τῆς
552 3918 823 3985 σελήνης
843 3919 1052 3987 γενεὰς
1088 3919 1328 3989 γενεῶν.
1366 3921 1438 3973 Τὸ
1470 3922 1566 3992 μὲν
1600 3939 1640 3991 γ.

1888 3929 2063 3991 mebit,
2099 3926 2300 3996 inquit,
2335 3940 2455 3977 cum
2485 3921 2595 3976 sole
2623 3930 2670 3974 et
2707 3927 2829 3972 ante
2854 3916 3057 3981 lunam,
3089 3913 3146 3966 in
3174 3925 3402 3981 genera-7

122 4008 622 4077 συμπαραμένειν
658 4011 739 4073 είς
771 4010 833 4063 τὸ
856 4010 988 4080 ἑξῆς
1020 4010 1259 4079 λέγεται,
1297 4013 1359 4066 τὸ
1391 4012 1446 4066 δὲ
1477 4016 1636 4082 πρόὲ

1873 4038 1979 4075 mes
2015 4019 2431 4089 generationum.
2469 4015 2658 4082 itaque
2699 4009 2926 4064 verbum
2962 4017 3271 4076 permanere
3320 4000 3387 4053 ad

120 4099 237 4153 τῶν
292 4100 695 4170 προλαϐόντων.
740 4103 930 4165 Οὐδεὶς
959 4098 1053 4156 οὖν
1100 4104 1363 4173 λέγειὸτι
1410 4106 1516 4177 πρὸ
1548 4106 1634 4159 τοῐ

1874 4112 2117 4184 quentia,
2179 4107 2495 4180 praepositio
2547 4119 2678 4157 vero
2738 4110 2859 4155 ante
2908 4098 2975 4153 ad
3025 4092 3388 4168 praecedentia

124 4196 566 4263 συμπαραμενεῖ.
600 4194 661 4246 Εἰ
685 4193 743 4246 δέ
771 4211 855 4256 τις
883 4194 945 4247 τὸ
973 4196 1432 4264 σι’μπαραμενεῐ
1471 4197 1544 4268 μὴ
1576 4198 1635 4268 βο

1875 4203 2069 4255 fertur.
2100 4197 2271 4254 Nemo
2306 4197 2474 4267 igitur
2512 4194 2669 4259 dicit,
2718 4190 2864 4260 quod
2899 4187 3135 4242 antehac
3169 4196 3388 4254 perma-

121 4282 273 4335 λοιτο
300 4283 440 4335 κατὰ
458 4284 638 4336 κοινοῦ
665 4283 921 4350 νοεῖσθαι,
949 4284 1142 4348 καὶτὸ,
1168 4285 1282 4353 πρὸ
1304 4285 1413 4354 τῆς
1435 4288 1631 4354 σελήν

1872 4290 1982 4345 :bit.
2019 4288 2076 4343 Si
2129 4287 2255 4359 quis
2305 4299 2437 4339 vero
2490 4280 2634 4338 istud
2687 4274 3129 4346 compermanebit
3178 4270 3386 4340 aliquid

120 4373 338 4441 γενεὰς
384 4373 625 4443 γενεῶν,
680 4374 832 4428 οὐδὲν
886 4377 1137 4447 ποιήσει,
1169 4377 1285 4431 ἀλλ’
1331 4378 1364 4447 ἢ
1400 4378 1570 4449 χωλὸν
1610 4397 1634 4432 κ

1876 4379 2188 4436 baudicndo
2210 4375 2437 4445 intelligi
2456 4373 2613 4433 nolit,
2628 4372 2792 4451 etiam
2809 4369 2978 4433 istud,
2995 4374 3115 4419 ante
3131 4364 3311 4417 lunam
3331 4362 3386 4415 in

120 4464 449 4534 ἀπλήρωτον
475 4465 597 4536 ἔχον
616 4469 714 4536 τὴν
730 4467 991 4521 διάνοιαν·
1014 4468 1074 4520 οὐ
1103 4468 1209 4539 γὰρ
1230 4470 1501 4539 συνῆπται
1529 4472 1631 4524 αὐτ

1871 4472 2162 4527 nerationes
2192 4468 2607 4538 generationum,
2627 4463 2706 4517 nil
2736 4461 2842 4515 nisi
2867 4471 3119 4512 mancum
3156 4461 3212 4508 et
3234 4453 3385 4508 clau-

117 4556 204 4609 ὅτι
239 4555 407 4621 ἔστιν,
450 4556 535 4609 ὅτι
576 4556 832 4627 ὑπάρχει,
865 4557 897 4627 ἢ
930 4558 1012 4610 ὃτι
1050 4554 1152 4629 ἦν,
1184 4559 1291 4628 ἦτι
1334 4560 1591 4615 τοιοῦτον.

1872 4581 1937 4618 nn
1964 4577 2185 4616 sensum
2218 4559 2425 4624 faciet;
2457 4571 2564 4610 non
2590 4554 2734 4607 enim
2761 4552 2835 4605 illi
2864 4549 3206 4617 adiunctum,
3240 4542 3386 4613 quod

121 4645 227 4715 μὲν
272 4641 365 4698 οὖν
410 4647 869 4717 συμπαραμενεῐ
912 4647 1055 4701 κατὰ
1097 4649 1278 4702 κοινοῦ
1328 4650 1509 4718 λέγει·
1554 4651 1614 4703 τὸ

1868 4666 1901 4723 L,
1932 4655 2079 4727 quod
2110 4653 2365 4716 exsistat,
2402 4649 2488 4702 vel
2517 4645 2664 4716 quod
2700 4643 2887 4703 fuerit,
2916 4639 3002 4695 vel
3026 4635 3159 4707 quid
3186 4633 3382 4691 simile.

115 4735 239 4804 πρό
259 4735 361 4789 οὐκ
386 4736 479 4790 ἐπὶ
500 4738 598 4808 τῆς
615 4738 711 4793 τοῦ
735 4739 929 4811 χρόνου
960 4739 1107 4808 λέγει
1135 4741 1430 4812 ὑπεροχῆς,
1464 4742 1580 4796 ἀλλ’
1605 4744 1629 4794 ὲ

1867 4724 1997 4818 ique
2039 4745 2183 4799 istud
2240 4736 2682 4809 compermanebit
2741 4731 2945 4802 aliquid
3001 4724 3381 4784 subaudiendo

114 4828 219 4897 τῆς
247 4826 370 4880 κατ’
415 4828 548 4881 αὐτὸ
593 4829 653 4881 τὸ
685 4828 982 4900 διαμένειν.
1017 4832 1276 4900 Διαμενεῖ
1305 4834 1507 4897 τοίνυν,
1543 4852 1628 4906 φηι

1869 4839 1979 4903 cit;
2033 4834 2183 4890 istud
2235 4846 2364 4887 vero
2397 4840 2519 4884 ante
2568 4842 2677 4880 non
2729 4824 2798 4877 de
2854 4818 3118 4890 temporis
3152 4830 3383 4872 excessu

114 4920 216 4973 καὶ
247 4919 777 4991 διαφυλαχθήσονται
799 4923 834 4992 ἡ
855 4923 1046 4993 είρήνη
1075 4924 1170 4977 καὶ
1191 4924 1252 4977 τὸ
1278 4924 1484 4981 δίκαιον
1512 4927 1600 4981 ἴσα
1623 4948 1628 4963 ε

1867 4930 1960 4992 cit,
1998 4927 2094 4984 sed
2127 4925 2195 4980 de
2229 4926 2344 4995 ipsa
2385 4917 2785 4991 permanentia.
2814 4909 3163 4968 Permanebit
3194 4907 3381 4978 igitur,

114 5010 258 5079 ἡλίῳ
308 5009 630 5079 λάμποντα,
678 5011 773 5064 καὶ
827 5011 969 5081 ὑπὲρ
1005 5012 1104 5083 τὴν
1140 5013 1390 5084 σελήνην,
1421 5013 1562 5070 ὥστε
1606 5036 1628 5069 a

1870 5022 2010 5091 quit,
2069 5026 2125 5074 et
2174 5015 2518 5072 custodietur
2572 5024 2678 5081 pax
2730 5018 2893 5077 atque
2934 5001 3151 5074 justitia
3208 5000 3379 5054 instar

116 5101 379 5171 προέχειν
427 5101 527 5170 τῆς
564 5101 793 5172 σελήνης
836 5102 975 5156 κατὰ
1018 5101 1195 5157 τοῦτο.
1250 5104 1349 5159 Διά
1394 5106 1447 5158 τί
1496 5107 1553 5160 δὲ
1605 5126 1630 5160 κ

1866 5114 1945 5169 llis
1969 5109 2275 5181 splendida,
2307 5117 2363 5162 et
2392 5119 2559 5176 supra
2583 5104 2790 5167 lunam,
2817 5100 2891 5154 ita
2921 5106 2981 5151 ut
3009 5094 3173 5150 etiam
3194 5092 3380 5146 lunam

115 5190 344 5260 προέχει
365 5190 463 5260 τῆς
488 5190 753 5262 σελήνης;
787 5192 911 5246 ’Ότι
936 5195 970 5264 ἡ
1001 5194 1099 5263 μὲν
1132 5193 1246 5265 ἔχει
1288 5196 1381 5248 καὶ
1421 5197 1629 5266 μειώσει

1864 5220 1981 5264 sam
2016 5205 2073 5259 in
2102 5204 2208 5257 hoc
2247 5208 2488 5270 superet.
2519 5196 2703 5262 Quare
2734 5202 2916 5247 autem
2948 5190 3136 5244 lunam
3162 5196 3378 5255 quoque

114 5282 353 5345 πολλοὺς
392 5282 617 5351 καιροὺς
640 5324 654 5347 ,
684 5282 823 5353 αὓτη
850 5282 908 5336 δὲ
942 5286 999 5337 ὲν
1027 5282 1106 5355 τῷ
1132 5285 1405 5355 διαμένειν
1438 5288 1526 5341 ἀεὶ
1550 5327 1565 5352 ,
1603 5307 1628 5342 κ

1864 5312 1979 5354 sam
2028 5292 2345 5350 antecellit?
2375 5290 2516 5356 Quia
2561 5286 2825 5342 nimirum
2863 5284 2978 5353 ipsa
3010 5279 3175 5335 etiam
3206 5274 3378 5329 multa

114 5373 295 5438 αὔξει,
331 5373 426 5426 καὶ
458 5373 805 5442 φυλάττεται.
831 5375 904 5429 Τὸ
930 5376 988 5429 δὲ
1007 5416 1023 5441 ,
1052 5375 1264 5445 γενεὰς
1282 5375 1527 5445 γενεῶν,
1554 5396 1628 5437 κα

1866 5402 2055 5459 mpora
2073 5382 2401 5440 defectionis
2423 5380 2590 5434 habet
2611 5419 2626 5444 ,
2658 5377 2776 5431 haec
2804 5381 2987 5428 autem
3012 5370 3143 5425 dum
3166 5376 3376 5434 semper

114 5463 179 5517 τὸ
205 5465 406 5519 οἰκεῖον
439 5463 634 5535 ἰδίωμα
666 5461 820 5522 εἶπεν
843 5467 966 5521 ἀντὶ
1002 5466 1097 5519 τοῦ
1134 5467 1229 5520 ἐπὶ
1253 5467 1412 5523 πολύ.

1862 5486 2115 5544 :rmanet,
2160 5476 2325 5532 etiam
2354 5480 2609 5544 augetur,
2641 5478 2697 5525 et
2741 5466 3072 5524 custoditur.
3105 5460 3376 5515 Caeterum

114 5556 290 5623 istud,
334 5554 401 5610 In
445 5557 803 5613 aenerationes
843 5558 1260 5631 generationum,
1328 5562 1633 5622 secundum
1673 5550 1974 5646 Scriptura:
2010 5570 2295 5642 proprium
2326 5564 2586 5639 loquendi
2641 5562 2863 5619 modum
2918 5558 3057 5615 dixit
3103 5568 3208 5626 pro
3256 5550 3375 5606 diu.

184 5784 267 5855 (ι)
302 5784 379 5843 Ex
411 5787 697 5851 Corderio.
