3834 6224
435 333 530 390 691

1626 331 1972 387 TIIEODORI
2015 333 2502 392 MOPSUESTEM

3598 333 3702 389 (292

508 445 670 501 Vrns.
702 446 838 502 7—.
863 443 1192 500 Ostenderat
1234 461 1293 500 se
1337 445 1480 500 istud
1524 448 1852 514 peritior-eiii!
1887 464 2001 499 cum

2183 452 2330 522 Στίχ.
2383 456 2448 518 ζ’.
2490 484 2557 493 -
2597 452 2837 518 Ἐδειξεν
2871 453 2951 506 ὅτι
2990 452 3071 518 τὺ,
3099 449 3573 520 συμπαρασκενεῖ
3625 446 3705 513 τῷ

434 538 564 599 sole,
584 537 650 590 de
673 550 808 605 pace
835 549 899 587 ae
932 534 1146 604 justitia
1185 535 1426 589 dixisse:
1453 537 1643 589 eadem
1686 538 1850 605 igitur
1877 552 2010 592 usus

434 627 820 688 similitudine,
846 625 994 679 istud
1020 626 1220 679 orietur
1244 626 1406 694 quasi
1437 626 1505 680 de
1527 627 1644 680 sole
1678 642 1898 696 quoque
1927 625 2005 680 di-

434 720 542 784 xit;
578 717 631 771 id
667 724 750 771 est
790 715 1098 787 apparebil.
1128 715 1227 778 Ita,
1255 717 1454 786 inquit,
1485 718 1689 771 lucebit
1722 719 1866 773 sicut
1901 718 2004 772 sol.

431 809 589 865 Nunc
647 810 834 879 itaque
892 810 1000 864 hoc
1052 811 1230 880 ipsum
1283 810 1634 864 manifestius
1685 811 2007 866 declaravit.

433 904 610 973 Atque
643 902 849 962 omnia,
878 901 1076 972 inquit,
1103 918 1199 972 per
1231 918 1418 957 curam
1447 911 1595 956 tuam
1628 911 1738 956 tam
1769 902 1877 956 alta
1907 916 2006 971 pax

432 995 759 1060 continebit,
808 1003 866 1048 ut
903 1010 1057 1066 aeque
1091 995 1435 1065 impossibile
1487 996 1734 1048 futurum
1784 994 1876 1057 sit,
1913 1010 2010 1064 pa-

432 1103 549 1143 cem
580 1087 701 1157 ejus
731 1102 795 1142 ac
827 1088 970 1141 luna:
1015 1087 1386 1143 substantiam
1427 1087 1682 1141 dissolvi.
1714 1084 1867 1140 Solet
1908 1100 2010 1154 aue

433 1187 543 1235 tem
600 1178 886 1249 Scriptura
937 1179 990 1232 in
1042 1179 1319 1234 similibus
1353 1179 1430 1232 uti
1466 1177 1816 1248 byperbolis;
1853 1187 1912 1231 ut
1954 1177 2008 1229 in

431 1274 643 1344 psalmo
674 1273 1016 1344 octogesimo
1064 1279 1279 1331 octavo.
1309 1269 1514 1324 Ponam
1555 1271 1607 1322 in
1645 1270 1899 1322 sa’culum
1939 1285 2013 1320 se-

431 1381 547 1419 men
581 1363 714 1432 ejus,
757 1375 805 1416 et
862 1361 1106 1415 thronum
1158 1361 1271 1431 ejus
1325 1361 1458 1414 sicut
1515 1361 1624 1413 dies
1673 1361 1787 1412 cadi
1817 1362 1834 1430 (
1863 1357 2008 1412 Psal.

432 1470 698 1521 Lxxxvnl,
738 1454 850 1520 50).
875 1453 1009 1507 Cum
1051 1453 1224 1522 magis
1263 1452 1612 1523 hyperbolice
1646 1451 1899 1513 dixisset,
1927 1467 2012 1505 re-

431 1562 598 1618 gnum
635 1547 687 1600 in
724 1544 1141 1600 successoribus
1173 1543 1387 1597 Davidis
1413 1559 1563 1613 aeque
1602 1558 1662 1596 ac
1699 1544 1897 1598 ccelum
1923 1545 2009 1597 in-

430 1637 752 1695 dissolubile
786 1651 1228 1707 permansurum,
1257 1636 1312 1690 in
1346 1635 1705 1703 sequentibus
1739 1651 1869 1690 vero
1907 1634 2007 1689 ite~

431 1748 552 1787 rum
575 1731 673 1791 ait,
706 1729 771 1784 Et
801 1728 1017 1783 thronus
1033 1728 1145 1797 ejus
1170 1729 1304 1782 sicut
1325 1728 1403 1781 sol
1424 1728 1475 1780 in
1499 1737 1772 1795 conspectu
1806 1743 1938 1788 meo,
1961 1736 2009 1779 et

431 1828 566 1881 sicut
585 1824 714 1878 luna
752 1823 983 1892 perfecta
1017 1823 1069 1876 in
1113 1831 1360 1876 a'ternum
1385 1819 1550 1891 (Ibid.
1579 1820 1667 1885 '58)
1702 1839 1713 1874 :
1745 1836 1866 1890 qua:
1904 1820 2007 1873 uti-

431 1936 538 1989 que
578 1934 764 1974 revera
808 1933 918 1971 non
967 1917 1039 1968 ita
1099 1913 1465 1983 contigerunt,
1508 1913 1601 1968 sed
1660 1911 2010 1985 hyperbolice

434 2009 580 2072 dicta
621 2017 748 2062 sunt
780 2022 810 2060 a
851 2006 1136 2074 Scriptura
1173 2003 1356 2058 divina

507 2189 672 2255 Vsus.
703 2200 756 2254 8.
787 2230 855 2238 —
886 2195 1010 2251 Non
1046 2194 1192 2266 quod
1240 2195 1466 2249 omnino
1516 2192 1807 2261 imperabit
1834 2199 1888 2246 et
1920 2205 2010 2245 re‘

433 2303 541 2364 get,
572 2290 666 2348 sed
693 2290 822 2362 quia
854 2288 996 2343 fama
1030 2295 1083 2343 et
1101 2285 1278 2358 gloria
1309 2300 1501 2341 omnes
1532 2284 1708 2354 ipsum
1746 2292 2006 2352 tanquam

431 2385 725 2441 Dominum
757 2398 920 2437 suum
954 2378 1340 2436 admirabundi
1370 2377 1783 2433 venerabuntur
1815 2391 1828 2427 :
1859 2375 2005 2444 quod

430 2480 596 2536 etiam
630 2490 821 2532 revera
857 2473 1061 2529 factum
1096 2472 1392 2541 reperitur.

504 2591 672 2646 Vens.
705 2589 880 2646 i7.-
909 2585 1009 2640 Hic
1057 2585 1222 2640 etiam
1263 2582 1665 2638 demonstravit
1697 2578 1844 2635 istud
1881 2587 2009 2632 ante

435 2699 545 2740 non
576 2682 644 2737 de
676 2689 925 2749 tempore
963 2677 1093 2741 dici,
1121 2688 1181 2730 ut
1208 2673 1433 2731 Christo
1471 2671 1772 2728 convenire
1811 2670 2008 2725 existi-

432 2784 612 2832 metur
642 2794 655 2828 :
685 2773 834 2843 quod
879 2770 1047 2839 aliqui
1098 2775 1389 2839 putarunt.
1432 2764 1568 2820 Nam
1604 2767 1650 2820 si
1705 2762 1854 2820 istud
1887 2770 2010 2816 ante

433 2869 504 2923 de
532 2876 777 2935 tempore
806 2877 870 2916 ac
898 2861 967 2916 de
1001 2858 1435 2931 praeexsistentia
1462 2855 1692 2920 diceret,
1721 2853 2004 2925 quomodo

434 2955 782 3031 permanebit,
806 2954 953 3026 quod
989 2954 1044 3008 in
1092 2951 1454 3022 sequentibus
1489 2950 1599 3004 ait?
1632 2949 1779 3004 Adeo
1815 2948 2004 3019 igitur,

436 3049 641 3122 inquit,
678 3061 880 3102 nomen
913 3045 1036 3114 ejus
1078 3051 1262 3097 manet
1312 3041 1662 3104 admirabile,
1689 3055 1797 3095 non
1844 3053 2007 3094 secus

2111 545 2285 610 ἡλίῳ,
2316 545 2408 597 ἐπὶ
2433 544 2531 612 τῆς
2570 545 2794 618 εἰρήνης
2837 540 2956 597 εἷπε
2991 545 3086 598 καὶ
3115 543 3211 597 τοῦ
3241 542 3450 596 δικαίου
3476 559 3490 572 ο
3531 543 3696 611 ἐχρή-

2113 653 2241 689 σατο
2288 631 2380 689 οὖν
2432 635 2524 688 καὶ
2570 638 2636 706 τῇ
2691 637 2990 706 ὁμοιότητι,
3040 635 3104 687 τὸ
3132 633 3410 690 ἀνατελεῐ
3459 633 3557 685 ἐπὶ
3607 631 3700 684 τοῦ

2113 728 2263 798 ἡλίου
2295 726 2498 780 εἰπών·
2541 727 2662 781 ἀντὶ
2712 726 2808 779 τοῦ
2857 729 3178 798 φανήσεται.
3231 726 3418 790 Οὕτως
3469 725 3699 794 λάμψει,

2112 821 2298 891 φησιν,
2327 821 2402 884 ὡς
2435 824 2462 874 ὁ
2489 821 2657 890 ἥλιος.
2693 819 2809 872 Νῦν
2853 815 2946 874 οὖν
2983 820 3116 874 αὐτὸ
3165 818 3397 889 ἐδήλωσε
3433 817 3700 886 σαφέστεο

2117 928 2227 980 ρον.
2253 912 2362 964 Καὶ
2395 911 2556 974 οὕτω,
2583 913 2735 981 φησι,
2765 911 2957 981 βαθεία
2992 911 3172 965 πάντα
3193 909 3411 975 καθέξει
3433 911 3466 979 ὴ
3502 909 3701 979 εἰρήνη

2111 1003 2198 1056 διὰ
2232 1003 2330 1074 τὴν
2373 1003 2523 1073 παρὰ
2561 1004 2658 1056 σοῦ
2693 1004 3039 1074 κηδεμονίαν,
3071 1004 3146 1068 ὡς
3193 1003 3391 1073 ὁμοίως
3436 1002 3702 1056 ἀδύνατον

2113 1090 2270 1158 εἶναι,
2299 1093 2524 1164 λυθῆναί
2559 1110 2617 1146 τε
2647 1093 2746 1162 τὴν
2777 1094 2862 1146 ἐπ’
2893 1093 3058 1146 αὑτοῦ
3089 1093 3311 1162 εἰρήνην
3350 1093 3443 1144 καὶ
3473 1091 3579 1160 τῆς
3611 1107 3704 1142 σε·

2111 1187 2280 1255 λήνης
2323 1186 2420 1255 τὴν
2473 1184 2724 1257 ὓπαρξιν.
2781 1185 2914 1247 Ταῖς
2969 1185 3026 1238 δὲ
3066 1183 3389 1254 ὑπερϐολαῖς
3443 1182 3537 1236 ἐπὶ
3587 1181 3701 1236 τῶν

2114 1277 2368 1330 τοιούτων
2395 1276 2515 1341 ἔθος
2557 1274 2855 1347 κεχρῆσθαι
2882 1278 2946 1345 τῇ
2993 1273 3114 1345 θείᾳ
3157 1275 3368 1344 Γραφῇ,
3399 1273 3474 1336 ὡς
3507 1272 3606 1326 καὶ
3641 1273 3700 1324 ὲν

2113 1369 2190 1436 τῷ
2236 1374 2326 1438 πη⁹
2371 1367 2592 1438 ψαλμῷ,
2633 1367 2713 1426 τὺ.
2773 1366 3040 1435 Θήσομαι
3085 1367 3174 1431 εις
3227 1365 3332 1418 τὸν
3387 1363 3578 1419 αἰῶνα
3628 1364 3698 1416 τὸ

2114 1459 2351 1528 σπέρμα
2376 1456 2582 1521 αὐτοῦ,
2606 1456 2704 1509 καὶ
2730 1455 2836 1509 τὸν
2865 1457 3080 1523 θρόνον
3098 1453 3284 1509 αὐτοῦ
3312 1454 3393 1519 ὡς
3416 1456 3522 1518 τὰς
3554 1451 3701 1522 ἠμέ-

2107 1567 2222 1618 ρας
2270 1549 2373 1602 τοῦ
2422 1546 2702 1616 οὐρανοῦ.
2771 1544 3302 1616 ’Υπερὸολικώτερον
3349 1543 3541 1606 εἰπὼν,
3596 1543 3699 1614 τὴν

2117 1643 2390 1714 βασιλείαν
2421 1643 2477 1695 ὲν
2497 1645 2608 1704 τοῖς
2641 1640 2902 1709 διαδόχοις
2934 1637 3031 1692 τοῦ
3063 1638 3227 1691 Δαὸὶδ
3256 1637 3346 1691 ίσα
3368 1636 3446 1706 τῷ
3477 1635 3698 1705 οὐρανῷ

2115 1735 2395 1788 ἀδιάλυτον
2421 1733 2756 1804 παραμένειν
2773 1749 2786 1761 ·
2813 1732 2908 1785 καὶ
2935 1730 3062 1800 ἑξῆς
3085 1730 3140 1783 δὲ
3167 1729 3348 1791 πάλιν,
3371 1727 3481 1781 Καὶ
3506 1730 3541 1781 ὀ
3563 1727 3698 1794 θρόο

2112 1843 2218 1892 νος
2253 1825 2437 1880 αὑτοῦ
2487 1825 2567 1890 ὡς
2616 1827 2648 1879 ὀ
2679 1823 2853 1890 ἥλιος
2891 1821 3172 1876 ἐναντίον
3218 1837 3352 1888 μου,
3398 1819 3498 1871 καὶ
3539 1818 3624 1883 ὡς
3658 1819 3696 1885 ἢ

2111 1915 2345 1984 σελήιή
2380 1913 2817 1983 κατηρτισμένη
2857 1913 2945 1979 είς
2974 1911 3081 1964 τὸν
3109 1909 3326 1963 αἱώνιιο
3361 1906 3505 1977 ἆπερ
3552 1906 3700 1958 κατὰ

2113 2009 2210 2078 μὲν
2235 2007 2296 2060 τὸ
2325 2007 2546 2079 ἀκριϐὲς
2584 2006 2682 2075 οὐχ
2715 2003 2858 2057 οὕτω
2902 2002 3150 2072 γέγονεν,
3191 1995 3697 2070 ὑπερδολικὼτερον

2109 2099 2162 2153 δὲ
2188 2101 2402 2172 εἴρηται
2439 2101 2503 2170 τῇ
2532 2098 2652 2168 θείᾳ
2674 2097 2862 2168 Γραφῇ

2179 2215 2328 2286 Στίχ.
2365 2213 2438 2285 η’.
2483 2243 2551 2254 --
2586 2212 2698 2283 Οὐχ
2734 2210 2816 2265 ὅτι
2869 2209 3135 2283 κρατήσει
3166 2206 3382 2270 πάντως
3411 2203 3506 2258 καὶ
3533 2203 3695 2274 βασι-

2109 2307 2314 2372 λεύσει,
2351 2306 2466 2361 ἀλλ’
2514 2305 2595 2358 ότι
2640 2305 2708 2375 τῇ
2746 2303 2902 2374 φήμῃ
2945 2299 3040 2353 καὶ
3079 2301 3144 2370 τῇ
3196 2297 3322 2369 δόξῃ
3371 2295 3576 2357 πάντες
3619 2292 3697 2355 ὼς

2110 2402 2315 2474 Κύριον
2350 2399 2557 2454 ἑαυτῶν
2595 2395 2994 2466 θαυμάσονται·
3030 2391 3059 2446 ὃ
3091 2391 3185 2445 καὶ
3221 2387 3436 2461 ἀληθῶς
3469 2383 3694 2456 γεγονὸς

2110 2494 2442 2566 εὑρίσκεται.

2181 2607 2330 2677 Στίχ.
2367 2607 2451 2672 ιζ’.
2472 2637 2542 2646 —
2574 2604 2780 2669 Ἔδειξε
2813 2600 3092 2656 κάνταῦθα
3123 2599 3204 2652 ὅτι
3236 2596 3298 2650 τὸ
3324 2595 3441 2664 πρό
3467 2593 3570 2647 οὐκ
3597 2592 3689 2644 ἐπὶ

2109 2698 2301 2772 χρόνου
2339 2699 2508 2768 λέγει,
2552 2699 2638 2752 ἵνα
2676 2696 2756 2767 τῷ
2787 2693 3006 2766 Χριστῷ
3039 2691 3330 2763 ἁρμόττειν
3377 2684 3633 2756 νομισθῇ,
3663 2686 3692 2737 ὃ

2109 2807 2254 2854 τινες
2278 2788 2558 2861 ᾠήθησαν.
2591 2788 2653 2842 Et
2680 2785 2789 2858 γὰρ
2815 2786 2874 2839 τὸ
2905 2783 3023 2853 πρό
3058 2782 3152 2835 ἐπὶ
3195 2780 3387 2851 χρόνου
3425 2776 3572 2844 λέγει
3599 2777 3691 2828 καὶ

2111 2879 2524 2953 προϋπάρξεως,
2557 2878 2674 2942 πῶς
2715 2877 2776 2930 τὸ
2809 2872 3090 2945 διαμενεῖ,
3129 2874 3264 2948 ὅπερ
3294 2868 3386 2922 ἐπὶ
3418 2867 3527 2920 τῶν
3563 2865 3690 2934 ἑξῆς

2111 2972 2294 3040 λέγει;
2348 2970 2504 3025 Οὕτω
2554 2970 2754 3033 τοίνυν,
2797 2967 2953 3038 φησι,
3009 2965 3071 3018 τὸ
3104 2964 3274 3032 ὄνομα
3318 2959 3484 3015 αὐτοῦ
3543 2958 3688 3029 μένει

2112 3062 2548 3134 θαυμαζόμενον,
2577 3062 2676 3114 οὐκ
2722 3060 2942 3115 ἔλαττον
2971 3059 3004 3128 ἢ
3029 3059 3057 3110 ὁ
3088 3055 3236 3126 ἥλιος
3265 3052 3358 3106 καὶ
3389 3052 3422 3122 ἡ
3469 3049 3684 3118 σελήνη.

436 3158 500 3197 ac
554 3142 638 3198 sol
693 3149 749 3195 et
797 3139 947 3194 luna.
991 3138 1172 3208 Atque
1223 3136 1387 3206 hujus
1446 3133 1844 3188 demonstratio
1891 3141 2002 3192 est,

2121 3155 2224 3207 Καὶ
2245 3150 2434 3206 τούτου
2459 3151 2751 3218 ἀπόδειξις,
2778 3151 2838 3203 τὸ
2865 3149 2994 3220 ἄχρι
3023 3148 3121 3218 τῆς
3149 3144 3308 3216 δεῦρο
3332 3140 3427 3195 τοῦ
3447 3157 3507 3192 τε
3540 3139 3688 3210 ἡλίου

434 3231 584 3304 quod
627 3230 943 3301 usquedum
977 3229 1058 3283 sol
1094 3236 1151 3282 et
1181 3227 1307 3281 luna
1343 3232 1690 3296 permanent,
1723 3225 1840 3294 ipse
1873 3237 2013 3292 quo-

435 3341 542 3395 que
566 3325 635 3380 ab
663 3323 921 3378 omnibus
957 3319 1279 3374 hominibus
1305 3324 1662 3378 memoratur,
1687 3324 1741 3370 et
1773 3314 2010 3370 admira-

410 3416 575 3471 tioni
607 3415 681 3469 sit
711 3421 932 3485 propter
979 3410 1330 3480 sapientiam,
1355 3417 1411 3462 et
1469 3407 1725 3477 gloriam,
1749 3415 1803 3460 et
1834 3404 2010 3460 hono-

447 3525 588 3575 rcm,
618 3522 780 3577 quem
814 3502 960 3575 apud
998 3517 1191 3556 omnes
1225 3509 1555 3556 consecutus
1589 3505 1695 3553 est.

510 3619 643 3674 lino.
675 3648 746 3660 ——
775 3617 875 3672 Hic
903 3616 1138 3672 maxime
1169 3613 1400 3670 adduxit
1431 3627 1658 3668 causam
1691 3624 2010 3666 sermonum

438 3713 508 3769 ad
561 3713 738 3782 ipsum
787 3710 1124 3771 habitorum.
1156 3707 1284 3778 quia
1333 3707 1406 3761 ob
1461 3719 1754 3760 commune
1802 3703 2010 3760 bonum

437 3809 630 3857 narrat
657 3801 780 3871 ejus
812 3799 1034 3855 decora.
1063 3797 1347 3869 Siquidem
1382 3797 1565 3851 omnis
1617 3796 1795 3850 honor
1842 3795 2010 3864 regis,

437 3903 494 3951 et
545 3894 852 3964 praesertim
907 3889 1040 3963 justi
1091 3904 1250 3952 cura,
1301 3902 1650 3943 communem
1717 3885 2010 3940 utilitatem

440 3993 650 4055 spectat
696 3983 1063 4041 subditorum.
1096 3981 1328 4050 PrOpter
1379 3979 1560 4048 ipsum
1594 3977 1768 4040 enim,
1806 3975 2009 4046 inquit,

438 4075 798 4132 admirationi
863 4082 1028 4130 erunt
1084 4087 1275 4127 omnes
1323 4070 1521 4134 tribus,
1576 4069 1630 4123 id
1681 4077 1788 4133 est,
1831 4067 2014 4122 omnis

440 4169 632 4226 Israel.
657 4170 839 4238 Atque
871 4167 1037 4236 hujus
1079 4172 1467 4235 argumentum
1503 4170 1608 4226 est,
1641 4159 1789 4230 quod
1822 4159 2013 4230 regina

440 4258 626 4315 Austri
678 4256 746 4311 ad
792 4257 971 4327 ipsum
1036 4254 1280 4316 veniens,
1329 4253 1518 4307 beatos
1569 4250 2014 4320 pronuntiaverit

445 4351 729 4406 ministros
770 4348 914 4419 ejus,
949 4347 1096 4418 quod
1128 4345 1350 4400 assidue
1387 4343 1656 4414 sapientia
1705 4342 1828 4411 ejus
1868 4341 2016 4396 frue-

442 4453 658 4504 rentur.

931 4599 1254 4656 PSALMUS
1304 4596 1512 4654 LXXII.

505 4738 676 4796 Vsus.
707 4738 796 4794 10.
817 4767 887 4778 -
918 4735 985 4789 Ει
1018 4736 1200 4789 vivent
1249 4749 1376 4787 cum
1418 4733 1729 4796 saturitate,
1760 4733 1891 4786 dum
1935 4733 2012 4786 ita

437 4831 506 4885 ab
534 4829 670 4901 ipsis
699 4829 810 4883 vita
840 4826 1172 4891 instituitur,
1201 4836 1258 4881 ut
1287 4828 1470 4881 nullus
1498 4827 1620 4880 vita:
1648 4825 1766 4880 dies
1791 4832 2013 4894 praeter-

437 4923 590 4987 ﬂuat,
622 4919 760 4990 ipsis
809 4934 841 4973 a
894 4930 1068 4974 morte
1115 4919 1434 4988 praeventis.
1469 4915 1583 4970 [ioc
1622 4923 1806 4969 autem
1855 4914 2009 4977 dicit,

437 5029 549 5069 non
584 5012 742 5082 quasi
787 5011 1018 5066 omnino
1061 5009 1481 5065 determinatum
1519 5017 1738 5076 tempus
1791 5008 1864 5061 sit
1911 5021 2011 5060 cu-

432 5104 659 5174 juslibet
697 5101 941 5157 hominis
980 5101 1249 5164 viventis,
1279 5101 1374 5158 sed
1411 5099 1559 5170 quod
1607 5115 1709 5155 nos
1756 5098 2012 5168 frequen-

439 5207 540 5258 ter,
581 5209 706 5249 cum
757 5201 956 5248 natura
1014 5193 1188 5249 simus
1246 5193 1596 5263 passionibus
1653 5193 1902 5258 obnoxii,
1943 5192 2013 5246 ab

437 5287 701 5343 rerumnis
748 5293 802 5342 et
840 5285 1229 5342 alﬂictionibus
1277 5286 1362 5341 vel
1409 5283 1686 5355 aliquibus
1735 5284 2012 5340 similibus

441 5387 670 5432 mortem
701 5377 1106 5441 sustineamus;
1135 5390 1300 5447 quam
1339 5375 1385 5430 si
1417 5375 1699 5430 declinare
1729 5375 2010 5446 potuisse-

440 5485 588 5534 mus,
619 5469 944 5539 longissimo
993 5479 1241 5539 tempore
1279 5467 1632 5523 vixissemus.
1667 5466 1805 5522 Aliae
1859 5467 2008 5521 enim

441 5568 646 5616 mortes
701 5570 828 5615 sunt
888 5576 1012 5631 qua:
1060 5561 1130 5616 ab
1186 5559 1448 5614 aerumnis
1503 5559 1839 5619 inferuntur.
1890 5559 2011 5614 alite

441 5653 515 5707 ite
541 5671 572 5704 ιι
623 5667 745 5722 qua:
793 5668 901 5708 non
950 5651 1019 5706 ab
1067 5650 1308 5706 externis
1357 5652 1541 5716 malis,
1579 5649 1674 5705 sed
1700 5667 1766 5704 ex
1809 5651 2012 5719 ipsius-

441 5752 553 5802 met
607 5750 818 5798 natura:
867 5742 1180 5798 conditione
1232 5741 1674 5812 proﬁciscuntur.
1706 5739 1841 5795 Nam
1885 5741 2011 5797 licet

2113 3244 2206 3299 καὶ
2250 3244 2349 3314 τῆς
2397 3243 2627 3313 σελήνης
2675 3240 3052 3312 διαμενόντων,
3111 3235 3386 3306 διαμένειν
3439 3233 3690 3285 κάκεῖνον

2113 3335 2265 3404 παρὰ
2290 3334 2455 3386 πᾶσιν
2485 3331 2794 3402 ἀνθρώποις
2829 3323 3298 3399 μνημονευόμενόν
3329 3340 3408 3385 τε,
3442 3321 3537 3374 καὶ
3561 3321 3689 3374 θαυ-

2117 3424 2420 3496 μαζόμενον
2449 3422 2541 3475 ἐπὶ
2572 3423 2638 3492 τῇ
2677 3421 2855 3490 σοφίᾳ,
2881 3417 2973 3470 ἐπὶ
3016 3419 3082 3487 τῇ
3112 3414 3263 3486 δόξῃ,
3295 3413 3389 3464 ἐπὶ
3419 3413 3485 3482 τῇ
3528 3413 3686 3481 τιμῇ,

2111 3511 2179 3588 ἦς
2207 3515 2356 3587 παρὰ
2382 3515 2596 3568 πάντων
2623 3512 2801 3581 ἔτυχε.

2195 3626 2458 3680 Ἐνταῦθα
2499 3625 2735 3693 μάλιστα
2775 3623 3046 3692 συνήγαγε
3075 3620 3183 3673 τῶν
3214 3621 3294 3683 είς
3329 3617 3490 3672 αὐτὸν
3519 3615 3691 3683 λόγων

2112 3719 2210 3790 τὴν
2243 3718 2444 3782 αἰτίαν,
2469 3718 2550 3770 ὃτι
2594 3715 2682 3770 διὰ
2719 3716 2779 3767 τὸ
2803 3714 2978 3768 κοινὸν
3019 3712 3115 3767 τοῦ
3164 3711 3404 3781 πλήθους
3443 3709 3514 3762 τὰ
3563 3707 3692 3774 περὶ

2114 3810 2273 3864 αὑτὸν
2310 3807 2574 3878 διηγεῖται
2605 3805 2762 3860 καλά.
2801 3806 2956 3858 Πᾶσα
2983 3802 3092 3877 γὰρ
3118 3802 3248 3873 τιμὴ
3281 3799 3566 3870 βασιλέως,
3601 3798 3692 3851 καὶ

2117 3902 2348 3973 μάλιστα
2394 3901 2428 3970 ἡ
2479 3897 2572 3952 τοῦ
2606 3897 2812 3951 δικαίου
2865 3897 3104 3968 φροντὶς,
3135 3894 3311 3948 κοινὸν
3344 3891 3536 3960 ὄφελος
3583 3889 3694 3942 τῶν

2115 3991 2567 4064 βασιλευομένων.
2594 3988 3081 4060 Θαυμασθήσονται
3102 3986 3233 4058 γὰρ,
3259 3985 3414 4056 φησι,
3443 3984 3510 4037 δι’
3533 3981 3694 4035 αὐτὸν

2114 4087 2285 4140 πᾶσαι
2317 4086 2373 4138 αἱ
2400 4083 2581 4154 φυλαὶ,
2610 4083 2877 4146 τουτέστι,
2912 4082 3019 4144 πᾶς
3048 4083 3076 4134 ό
3110 4078 3344 4151 Ἰσραήλ.
3365 4077 3474 4130 Καὶ
3502 4073 3694 4128 τούτου

2113 4175 2406 4240 ἀπόδειξις,
2439 4176 2499 4230 τὸ
2527 4174 2623 4246 τὴν
2653 4173 2748 4228 τοῦ
2774 4173 2927 4227 νότου
2957 4171 3272 4243 βασίλισσαν
3309 4167 3694 4240 παραγενομέο

2114 4283 2233 4338 νην,
2279 4268 2576 4338 μακαρίσαι
2622 4266 2746 4327 τοὺς
2786 4262 3279 4334 ὑπηρετουμένους,
3315 4261 3396 4313 ὃτι
3432 4257 3695 4329 διηνεκῶς

2115 4359 2318 4427 ταύτης
2344 4358 2621 4428 ἁπήλαυον
2655 4356 2756 4426 τῆς
2789 4355 2999 4424 σοφίας.

2686 4601 2972 4655 ΨᾹΛΜΟΣ
3011 4598 3127 4652 οΒ’.

2191 4739 2339 4809 Στίχ.
2363 4738 2417 4791 ι’.
2448 4767 2518 4779 —-
2545 4736 2653 4788 Καὶ
2677 4735 2932 4805 ζήσονται
2964 4732 3102 4804 μετὰ
3131 4733 3333 4795 ἁδείας,
3363 4747 3693 4801 συγκροτουο

2125 4830 2292 4900 μένης
2333 4828 2514 4890 αὐτοῖς
2545 4828 2642 4896 τῆς
2671 4825 2834 4895 ζωῆς,
2867 4823 2943 4886 ὡς
2982 4824 3055 4894 μὴ
3097 4820 3482 4893 παραιρεῖσθαι
3533 4821 3690 4890 μηδε-

2125 4922 2250 4992 μίαν
2280 4919 2458 4974 αὑτῶν
2484 4918 2720 4989 ἡμέραν,
2759 4915 2852 4969 τοῦ
2877 4915 2993 4986 βίου
3026 4911 3560 4986 προλαμϐανομένων
3591 4912 3693 4964 ὑπὸ

2119 5009 2214 5062 τοῦ
2248 5008 2499 5063 θανάτου.
2528 5007 2697 5060 Τοῦτο
2716 5005 2774 5059 δὲ
2792 5005 2962 5074 λέγει,
2988 5005 3086 5075 οὐχ
3110 5004 3186 5068 ὡς
3213 5003 3427 5064 πάντως
3465 5001 3678 5072 ὡρισμέ

2121 5121 2209 5157 νον
2241 5101 2432 5172 καιρὸν
2478 5100 2679 5163 παντὸς
2723 5097 3012 5168 ἀνθρώπου
3047 5097 3268 5160 ζῶντος,
3311 5094 3425 5147 ἀλλ’
3453 5094 3529 5157 ὡς
3569 5095 3689 5146 πολι

2119 5197 2294 5259 λάκις,
2327 5193 2483 5266 ἡμῶν
2512 5193 2600 5246 διὰ
2644 5193 2705 5246 τὸ
2736 5190 3012 5262 παθητοὺς
3059 5187 3197 5244 εἶναι
3238 5188 3335 5260 τὴν
3365 5186 3548 5257 φύσιν,
3593 5186 3693 5238 ὑπὸ

2124 5288 2416 5361 συμφορῶν
2447 5287 2543 5341 καὶ⁵
2565 5286 2796 5356 θλίψεων
2835 5287 2868 5357 ἢ
2896 5285 2990 5340 καί
3017 5302 3180 5338 τινων
3207 5284 3463 5338 τοιούτων
3493 5283 3689 5352 ὑπομε-

2120 5381 2318 5436 νόντων
2355 5379 2615 5433 θάνατον·
2653 5378 2713 5432 ὃν
2736 5378 2786 5431 εί
2827 5377 3187 5448 δυνηθείημεν
3223 5375 3288 5428 ἂν
3329 5372 3689 5435 ἐκκλίναντες,

2118 5472 2212 5524 ἐπὶ
2257 5471 2517 5541 μήκιστον
2560 5469 2768 5539 βιῶναι.
2799 5467 3016 5537 Ἔτεροι
3042 5467 3149 5538 γὰρ
3187 5467 3236 5518 oi
3270 5465 3378 5520 ἀπὸ
3406 5464 3517 5517 τῶν
3551 5480 3689 5532 συμ-

2121 5563 2304 5633 φορῶν
2331 5562 2642 5631 γιγνόμενοι
2679 5560 2920 5626 θάνατοι,
2951 5561 3045 5614 καὶ
3082 5559 3259 5627 ἕτεροι
3282 5559 3332 5610 ot
3367 5556 3466 5609 οὐκ
3490 5557 3556 5609 ἐκ
3585 5556 3690 5608 τῶν

2119 5651 2316 5716 ἔξωθεν
2356 5651 2563 5716 κακῶν,
2601 5649 2713 5703 ἀλλ’
2744 5650 2837 5704 ἀπ’
2865 5648 3044 5702 αὐτῶν
3073 5649 3130 5700 ἐν
3155 5649 3220 5719 τῇ
3246 5649 3555 5716 κατασκευῇ
3598 5649 3690 5716 τῆς

2122 5741 2334 5813 φύσεως
2379 5741 2782 5814 συμϐαίνοντες.
2819 5739 2938 5794 Κᾶν
2977 5741 3081 5810 γὰρ
3133 5739 3297 5812 μηδὲν
3333 5737 3528 5805 ἔξωθεν
3575 5740 3691 5790 ἐπι-
