3834 6224
183 208 297 266 693

1390 222 1761 281 EXPOSITIO
1794 226 1861 282 IN
1904 226 2246 284 PSALMOS.

3330 237 3441 292 694

179 335 408 429 γενηται
435 328 567 405 (οἷον
592 338 620 389 ό
645 336 733 391 δια
768 337 953 409 ξίφους
980 342 1013 414 ἢ
1046 344 1186 409 τινος
1216 346 1460 401 τοιούτου
1490 348 1763 415 Θάνατος),

1887 353 2221 407 extrinsecus
2271 352 2403 407 nihil
2444 352 2751 424 acolderit(
2788 370 2840 410 ν.
2900 370 2953 426 g.
2985 371 3133 412 mors
3186 374 3281 429 per
3330 363 3444 428 gla.

180 428 298 481 ἀλλ’
326 430 465 499 αὐτὴ
495 430 711 495 πάντως
746 434 778 503 ἡ
803 434 962 501 φύσις
988 439 1067 499 είς
1108 441 1283 508 γῆρας
1308 440 1569 504 ἐλάσασα,
1606 445 1770 512 ἀναγ-

185 521 358 584 καίως
385 522 674 589 ἐφέλκεται
705 526 798 578 τὸν
838 528 1087 585 θάνατον.
1127 532 1213 595 Ὠς
1242 529 1334 586 οὖν
1380 535 1643 606 πρότερον
1676 538 1771 589 αὐ-

183 611 294 663 τῶν
326 612 494 665 πολλὰ
522 615 744 670 τοιαῦτα
776 619 1177 686 ὑπομενόντων,
1224 624 1318 677 καὶ
1341 625 1445 678 ὑπὸ
1487 626 1597 679 τῶν
1634 644 1768 681 κατ-

184 704 416 774 εχόντων
461 707 648 760 κακῶν
695 710 957 775 πολλάκις
999 712 1535 787 πῳλαμϐανομένων
1577 720 1657 782 είς
1678 720 1767 771 τὸν

185 794 440 857 Θάνατον,
476 796 632 850 τοῦτό
678 817 811 869 φησι
850 802 931 855 ὅτι
973 803 1157 858 οὐκέτι
1206 805 1485 861 πείσονται
1528 809 1769 863 τοιοῦτον

184 890 360 953 οὐδὲν,
394 892 509 944 ἀλλ’
536 892 716 958 ἕξουσι
746 896 844 959 τὰς
876 896 1086 967 ἡμέρας
1134 898 1380 970 πλήρεις,
1415 902 1505 956 τὸν
1528 903 1637 957 ἀπὸ
1668 904 1767 974 τῆς

186 982 403 1053 φύσεως
431 984 658 1038 θάνατον
693 987 1037 1059 ἑκδεγόμενοι
1073 991 1252 1059 μόνον.

744 1189 1036 1244 ΨΛΛΜΟΣ
1090 1192 1209 1247 Ol".

258 1297 405 1367 Στίχ.
437 1306 495 1353 ε’.
512 1302 740 1371 -Ἔχει
761 1304 858 1374 μὲν
878 1304 1077 1376 πολλὴν
1101 1306 1209 1360 άπὸ
1231 1308 1331 1380 τῆς
1355 1312 1649 1383 ἑρμηνείας
1669 1316 1766 1386 τὴν

182 1389 474 1443 δυσκολίαν
504 1392 563 1444 τὸ
587 1395 768 1463 ῥητόν.
797 1395 959 1463 Λέγει
983 1398 1038 1450 δὲ
1070 1398 1201 1452 αὐτὸ
1230 1401 1526 1474 Σύμμαχος
1548 1408 1760 1476 σαφῶς·

189 1480 432 1533 Ἕσεντο
481 1482 553 1535 τὰ
583 1484 801 1551 σημεῖα
845 1486 1045 1540 αὐτῶν
1090 1489 1416 1560 ἐπισήμως,
1464 1496 1767 1567 γνώρισμα

182 1570 341 1624 κατὰ
369 1570 483 1639 τὴν
507 1573 754 1627 εἴσοδον
779 1575 1001 1631 ἐπάνω.
1049 1580 1266 1652 Ἐπειδὴ
1291 1584 1399 1655 γὰρ
1418 1585 1538 1649 ἔθος
1560 1583 1626 1659 ἦν
1655 1593 1765 1653 τοῖς

1871 442 2021 496 dium
2070 454 2163 497 aut
2196 444 2363 497 simili
2419 443 2580 499 modo
2622 444 2831 513 illata),
2856 445 2971 515 ipsa
3006 455 3184 502 tamen
3245 458 3441 505 natura

1872 548 1969 602 per
2003 548 2061 586 se
2091 533 2318 586 omnino
2348 532 2416 586 ad
2451 533 2669 588 senium
2706 544 2985 604 provecta,
3022 542 3337 593 necessario
3360 558 3444 595 se—

1870 641 1994 678 cum
2046 632 2278 680 mortem
2318 626 2567 679 attrahit.
2600 625 2886 698 Tanquam
2929 630 3098 698 igitur
3136 631 3239 699 ipsi
3288 632 3444 700 prius

1870 718 2039 770 multa
2113 717 2421 773 istiusmodi
2477 722 2723 789 perpessi
2782 720 2912 786 sint,
2959 731 3013 775 et
3060 738 3088 775 a
3150 724 3309 775 malis
3359 726 3446 776 in-

1868 810 2191 877 gruentibus
2228 825 2372 880 saepe
2422 810 2716 865 immatura
2762 822 2938 867 morte
2988 816 3248 884 prasvcuti
3311 820 3441 877 sint,

1869 902 1944 955 ait
1985 902 2133 971 ipsos
2169 904 2245 957 nil
2274 904 2452 959 simile
2480 903 2714 973 amplius
2742 904 2798 957 in
2830 913 3114 974 posterum
3149 920 3439 974 passuros.

1869 997 1963 1049 sed
2015 996 2132 1051 dies
2183 998 2373 1066 plenos
2408 996 2715 1059 habituros,
2751 1011 2817 1049 ex
2864 996 3039 1051 solius
3088 1004 3300 1049 natum
3346 995 3442 1051 de-

1870 1084 2015 1139 fectu
2050 1098 2277 1140 mortem
2317 1094 2527 1140 tantum
2576 1085 2851 1141 obituros.

2361 1196 2681 1253 PSALMUS
2718 1196 2953 1253 LXXIII.

1938 1310 2102 1365 Vens.
2142 1312 2198 1368 5.
2223 1343 2294 1353 —
2316 1312 2531 1367 Dictum
2563 1313 2666 1367 hoc
2698 1313 2927 1367 multam
2959 1312 3125 1367 habet
3169 1312 3225 1366 in
3273 1321 3447 1365 Inter-

1869 1404 2134 1470 prctando
2196 1404 2595 1460 diliicnltatem.
2649 1405 3015 1474 Symmachus
3054 1413 3235 1461 autem
3287 1405 3438 1458 clare

1869 1493 1969 1549 hoc
2004 1495 2119 1549 ait:
2166 1495 2465 1551 Posucrunt
2512 1499 2663 1566 signa
2713 1513 2814 1550 sua
2860 1498 3161 1566 insigniter,
3184 1496 3442 1549 indicium

1867 1583 1936 1635 ad
1958 1584 2253 1653 ingressum
2280 1601 2520 1651 superne.
2546 1586 2680 1639 Cum
2718 1585 2867 1639 enim
2902 1585 3145 1654 antiquis
3178 1586 3444 1639 usitatum

184 1662 461 1728 παλαιοῖς,
489 1666 641 1719 εἵπου
662 1667 785 1720 τινὰ
813 1670 1124 1741 ἐκράτησαν
1149 1676 1321 1739 πόλιν,
1350 1679 1443 1731 ἐπὶ
1471 1680 1566 1751 τῆς
1594 1682 1765 1753 πύλης

1887 1682 2034 1737 :sset,
2062 1682 2118 1726 ut
2148 1678 2193 1728 si
2223 1676 2443 1744 quando
2479 1677 2756 1730 civitatem
2788 1676 3026 1746 aliquam
3057 1677 3355 1747 cepissent,
3389 1676 3446 1731 in

182 1757 494 1826 γράμματα
539 1760 938 1831 διαχαράττειν,
990 1765 1086 1837 τὴν
1138 1768 1349 1822 ἑαυτῶν
1396 1776 1765 1845 προσηγορίαν

185 1848 542 1915 ἐμφαίνοντα,
579 1851 653 1915 ὡς
710 1853 966 1925 ἐνίκησάν
1003 1874 1062 1910 τε
1111 1859 1206 1912 καὶ¹
1250 1860 1439 1916 ἔλαϐον
1481 1865 1578 1935 τὴν
1612 1867 1766 1923 πόλιν

186 1939 562 2008 αίχμάλωτοψ
615 1944 873 2011 πολλάκις
906 1948 961 2002 δὲ
1004 1951 1097 2003 καί
1127 1970 1248 2006 τινα
1301 1954 1377 2020 ὡς
1429 1961 1629 2029 σημεῖα
1673 1963 1767 2014 καὶ

188 2029 437 2100 σύμϐολα
470 2034 1034 2113 ἑγκαταπηγνόμενοι,
1066 2036 1153 2097 οἷα
1171 2043 1234 2115 δὴ
1278 2045 1449 2101 πολλὰ
1491 2050 1647 2120 ἡμῶν
1698 2053 1767 2107 τὰ

185 2121 426 2217 ⁶τρόπαια
458 2125 552 2217 καὶ
584 2127 651 2181 τὰ
685 2127 946 2201 σύμδολα,
994 2134 1281 2206 ἐπισήμως
1315 2139 1420 2210 πρὸ
1450 2142 1549 2213 τῆς
1591 2144 1767 2217 πύλης

188 2210 416 2359 ἓτὲέαν,
472 2215 548 2280 ὡς
612 2221 1005 2291 κρατήσαντες,
1052 2226 1128 2292 ὡς
1186 2210 1528 2303 αίχμάλωτον
1598 2210 1766 2309 αὐτην

326 2324 468 2359 ντες.

326 2324 468 2371 ντες.

262 2566 416 2663 ξτίχ.
450 2571 783 2663 ςξτ-Οὐτω
809 2594 866 2631 τε
888 2580 1058 2655 αὐτὴν
1075 2584 1306 2654 ἀφειδῶς
1333 2589 1662 2663 ἐπόρθησαν,
1692 2595 1768 2659 ὡς

189 2659 290 2713 καὶ
322 2660 422 2722 τὰς
447 2661 557 2715 τῶν
583 2665 898 2738 οἰκημάτων
923 2670 1091 2744 Θύρας
1128 2677 1338 2743 ἀξίναις
1382 2659 1765 2747 κατακόπτειν,

187 2748 269 2813 ὡς
299 2750 367 2804 ἂν
394 2754 443 2805 εί
471 2754 602 2820 ξύλα
637 2775 721 2821 τις
766 2760 824 2812 ἑν
866 2762 1017 2827 ὕλαις
1063 2767 1283 2837 τέμνοι,
1333 2773 1643 2841 ἀναγκαίως
1680 2777 1767 2830 διὰ
1798 2752 1799 2755 Ἴ

190 2841 293 2913 τὴν
326 2844 433 2899 τῶν
463 2848 763 2920 ἀνθρώπων
790 2856 1094 2927 τεμνόμενα
1125 2862 1335 2930 χρείαν.

755 2964 1048 3022 ΨΑΛΜΟΣ
1087 2972 1201 3025 OA'.

266 3070 417 3142 Στίχ.
439 3072 713 3142 β’.-Καὶ
737 3078 844 3131 ἀπὸ
872 3079 965 3133 τοῦ
992 3082 1084 3136 σοῦ
1119 3086 1399 3157 ὀνόματος,
1425 3108 1576 3160 φησι,
1606 3094 1767 3148 καλέ-

195 3178 367 3232 σομεν
405 3164 648 3229 ἑαυτούς.
693 3168 839 3222 Ἀντὶ
883 3171 1001 3239 τοῦ,
1033 3177 1307 3249 Δεσπότην
1340 3197 1397 3233 σε
1444 3184 1771 3256 ὁμολογήσο-

201 3271 326 3324 μεν,
361 3256 673 3329 εὐεργέτην,
710 3264 1041 3336 προστάτην,
1077 3268 1302 3334 εἰκότως
1324 3272 1417 3340 ἀφ’
1441 3268 1515 3327 ὧν
1538 3276 1773 3347 ἀπηλαύ-

202 3363 379 3440 σαμεν
417 3347 479 3400 τὸ
523 3349 798 3421 ὠφέλιμον
848 3356 1248 3429 παιδευόμενοι.
1302 3363 1463 3419 Ἴδιον
1510 3367 1618 3440 γὰρ
1666 3370 1774 3423 τῶν

196 3435 525 3507 ἀνθρώπων,
559 3440 620 3493 τὸ
643 3442 739 3496 ἀπ’
765 3444 991 3500 ἐκείνων
1033 3451 1312 3506 καλεῖσθαι
1350 3454 1457 3507 τῶν
1486 3435 1774 3523 δεσποζόν-

197 3545 309 3581 των
336 3527 370 3598 ἧ
403 3530 853 3600 εὐεργετούντων.
898 3532 1022 3591 Οἷον
1062 3540 1192 3595 ὅταν
1219 3542 1489 3616 λέγωμεν,
1532 3549 1590 3601 ὐ
1619 3550 1774 3605 τοῦδε

198 3617 314 3671 εἶτε
344 3618 551 3685 δοῦλος,
580 3623 693 3677 εἴτε
724 3627 940 3693 οίκεϊος,
971 3629 1071 3683 εἴθ’
1103 3633 1183 3687 ὅτι
1205 3633 1400 3702 δήποτε
1431 3639 1688 3696 τοιοῦτον.

272 3707 424 3778 Στίχ.
447 3709 517 3778 γ’.
532 3739 603 3750 —-
618 3713 884 3769 Ἐνταῦοα
902 3718 1097 3783 ἑνικῶς
1117 3717 1288 3789 εἶπεν,
1314 3726 1373 3777 οὐ
1394 3728 1778 3801 Διηγησόμεθα

202 3799 383 3853 πάντα
426 3803 495 3855 τὰ
549 3803 828 3875 θαυμάσιά
898 3825 1023 3874 σου,
1074 3812 1210 3867 ἀλλὰ
1260 3799 1777 3890 Διηγήσομαιξούκ

199 3890 335 3945 ἄλλο
358 3909 410 3945 τι
441 3892 761 3966 βουλόμενος
805 3901 998 3964 είπεϊν,
1037 3902 1147 3956 ἀλλ’
1178 3905 1254 3969 ὡς
1295 3908 1524 3963 ἑκάστου
1561 3912 1652 3966 τοῦ
1695 3915 1779 3967 λέ-

198 3999 391 4076 γοντος
419 3986 553 4076 ὅπερ
576 3989 634 4040 ἑν
662 3991 728 4060 τῇ
760 3993 912 4063 κοινῇ
953 3995 1173 4049 πάντων
1198 3997 1441 4067 γίγνεται
1471 4007 1639 4076 φωνῇ.
1668 4007 1779 4059 Aa.-

204 4075 433 4147 δόμενος
460 4075 552 4132 οὖν
598 4081 793 4152 σχολῆς
831 4084 923 4137 καὶ
968 4085 1275 4159 εὐκαιρίας,
1314 4092 1409 4145 καὶ
1447 4075 1781 4166 ἀπαλλαγεὶς

202 4168 307 4238 τῆς
350 4170 539 4240 ἐφόδου
585 4171 694 4227 τῶν
743 4174 1120 4247 πολεμούντων
1163 4180 1322 4252 ἔργον
1375 4184 1633 4257 ϐήσομαι,
1670 4190 1780 4245 τῶν

205 4263 513 4334 γενομένων
541 4264 603 4318 τὸ
634 4265 863 4334 μέγεθος
894 4267 1214 4335 διηγεῖσθαι.
1248 4273 1416 4326 Τοῦτο
1446 4275 1503 4328 δὲ
1532 4277 1664 4330 αὐτὸ
1683 4278 1782 4351 τὴν

1795 3042 1838 3098 C

1872 1774 2029 1836 porta
2068 1768 2333 1837 quasdam
2384 1768 2595 1823 litteras
2629 1769 3025 1838 insculperent,
3065 1784 3187 1837 quae
3244 1784 3447 1825 nomen

1870 1872 2059 1912 eorum
2108 1858 2439 1925 indicarent,
2472 1874 2537 1913 ac
2576 1861 2798 1913 modum
2831 1873 2942 1929 quo
2980 1859 3259 1915 civitatem
3302 1859 3449 1914 devi-

1870 1950 2097 2012 cissent.
2134 1958 2299 2021 atque
2336 1952 2390 2003 in
2443 1964 2599 2006 suam
2647 1958 2981 2019 potestatem
3060 1952 3443 2023 redegissent:

1872 2054 2249 2108 smpenumero
2278 2047 2465 2093 autem
2509 2039 2758 2108 quaedam
2792 2041 2953 2110 quasi
2985 2041 3143 2111 signa
3170 2057 3266 2097 seu
3297 2058 3445 2114 sym-

1872 2131 1995 2186 bola
2046 2131 2463 2201 imprimebant,
2501 2138 2595 2185 aut
2632 2130 3036 2201 insculpebant,
3069 2134 3252 2202 qualia
3284 2135 3448 2188 nimi-

1872 2235 1995 2275 rum
2040 2228 2169 2275 sunt
2206 2220 2377 2273 multa
2432 2226 2623 2273 nostra
2678 2229 2881 2291 tropaea
2913 2227 2970 2275 et
3013 2220 3284 2291 symbola,
3321 2235 3447 2290 qua:

1872 2313 2163 2384 insigniter
2206 2320 2334 2368 ante
2388 2322 2599 2385 portam
2668 2321 2997 2385 posuerunt,
3035 2319 3298 2383 tanquam
3352 2313 3446 2384 qui

1872 2400 2022 2456 illam
2057 2400 2114 2454 in
2148 2415 2306 2456 suam
2340 2409 2668 2473 potestatem
2723 2400 3057 2472 redegerint,
3085 2409 3137 2455 et
3173 2402 3447 2471 captivam

1872 2490 2126 2546 fecerint.

1942 2582 2111 2639 Vens.
2138 2584 2190 2638 6.
2213 2612 2284 2623 —-
2321 2583 2456 2639 Tam
2495 2583 2813 2638 immaniter
2863 2597 2981 2637 eam
3033 2589 3351 2648 vastarunt,
3388 2592 3450 2636 ut

1871 2677 2036 2731 etiam
2096 2676 2383 2730 domorum
2439 2675 2640 2744 januas
2718 2674 3007 2730 securibus
3063 2674 3444 2743 infringercnt,

1876 2782 1981 2819 non
2015 2782 2178 2822 secus
2230 2781 2295 2821 ac
2344 2765 2435 2835 qui
2488 2766 2634 2835 ligna
2687 2766 2741 2820 in
2796 2765 2950 2821 silvis
2983 2764 3234 2829 caedunt,
3254 2780 3451 2822 ncces,-

1874 2858 2021 2911 sario
2054 2859 2141 2912 illa
2175 2867 2365 2913 secant
2394 2859 2461 2912 ad
2503 2875 2663 2915 usum
2703 2861 3037 2921 humanuma

2373 2970 2701 3028 PSALMUS
2742 2971 2979 3028 LXXIV.

1956 3084 2117 3139 Vsus.
2143 3084 2198 3138 2.
2221 3116 2281 3125 —
2310 3084 2373 3137 Et
2403 3101 2468 3140 ex
2504 3087 2726 3141 nomine
2778 3094 2895 3152 tuo,
2930 3087 3130 3157 inquit,
3161 3102 3263 3143 nos
3298 3088 3451 3157 ipsos

1881 3173 2303 3242 appellabimus.
2343 3173 2399 3227 Id
2450 3181 2555 3235 est,
2590 3180 2642 3227 te
2692 3172 2985 3227 Dominum
3038 3174 3450 3237 conﬁtebimur,

1880 3262 2305 3326 benefactorem,
2341 3262 2657 3332 praasidem,
2688 3263 2757 3317 ab
2788 3263 2854 3317 iis
2886 3279 3007 3333 quae
3035 3266 3319 3320 consecuti
3356 3280 3455 3319 su-

1882 3368 2005 3408 mus
2041 3354 2332 3409 utilitatem
2384 3353 2588 3410 edocti.
2613 3353 2907 3424 Proprium
2947 3355 3096 3410 enim
3141 3355 3450 3419 hominum,

1881 3452 1942 3499 ut
1972 3460 2002 3498 a
2036 3445 2153 3500 suis
2186 3446 2424 3500 dominis
2454 3454 2548 3501 aut
2580 3446 3022 3502 benefactoribus
3053 3446 3424 3516 appellentur,

1880 3551 1935 3589 v.
1968 3551 2018 3604 g.
2050 3536 2178 3589 dum
2217 3535 2491 3591 dicimus:
2520 3535 2622 3591 Hic
2649 3536 2797 3591 illius
2827 3544 2913 3591 est
2943 3536 3060 3592 sive
3090 3551 3304 3601 servus,
3338 3536 3456 3591 sive

1882 3627 2219 3683 domesticus
2239 3642 2303 3683 ac
2334 3627 2647 3695 familiaris,
2667 3629 2783 3683 sive
2813 3629 2945 3699 quid
2976 3628 3315 3689 istiusmodi.

1954 3718 2121 3775 Vens.
2152 3720 2207 3774 5.
2232 3749 2303 3761 -
2325 3722 2428 3774 Hic
2468 3721 2826 3791 singulariter
2881 3720 3044 3788 dixit,
3071 3719 3191 3775 Non
3224 3734 3455 3775 enarra-

1882 3811 2065 3867 bimus
2119 3812 2303 3865 omnia
2354 3813 2627 3868 mirabilia
2677 3823 2791 3878 tua,
2830 3812 2926 3868 sed
2979 3810 3282 3866 Enarrabo.
3337 3808 3456 3863 Non

1885 3900 2030 3956 aliud
2060 3901 2189 3971 quid
2221 3901 2414 3959 volens
2442 3902 2648 3969 dicere,
2679 3918 2843 3973 quam
2880 3902 3029 3974 quod
3075 3901 3459 3971 unusquisque

1885 3993 2033 4046 dicat
2067 3993 2118 4047 id
2155 3995 2302 4063 quoj
2336 3996 2617 4048 communi
2653 3996 2899 4049 onmium
2950 4009 3088 4049 voce
3139 3994 3219 4047 ﬁt.
3250 3991 3457 4048 Nactus

1887 4084 2057 4153 igitur
2086 4085 2260 4139 otium
2309 4094 2363 4140 et
2413 4086 2904 4156 opportunitatem,
2936 4094 2991 4141 et
3021 4085 3091 4140 ab
3126 4085 3331 4140 insultu
3359 4084 3461 4139 ho-

1885 4177 2051 4232 stium
2077 4177 2367 4241 liberatus,
2400 4178 2504 4232 hoc
2536 4178 2668 4232 mihi
2718 4177 2999 4248 negotium
3046 4190 3371 4245 proponam,
3402 4183 3481 4227 ut

1886 4285 2073 4325 eorum
2101 4285 2222 4340 quae
2254 4269 2400 4324 facta
2424 4280 2555 4325 sunt
2584 4270 3011 4340 magnitudinem
3039 4282 3315 4321 enarrem.
3344 4265 3483 4319 Hne‘

204 4354 560 4426 εὐχαριστίαν
592 4357 759 4425 λέγει.
791 4358 1122 4431 Εὐχαριστία
1146 4361 1255 4433 γάρ
1289 4366 1368 4426 εις
1400 4365 1549 4431 Θεὸν,
1572 4368 1632 4421 τὸ
1661 4371 1775 4439 ὀμο-

1890 4362 2067 4429 ipsum
2103 4368 2285 4415 autem
2321 4360 2624 4431 gratiarum
2658 4361 2928 4414 actionem
2962 4366 3141 4413 vocat.
3168 4356 3462 4411 Gratitudo

206 4444 391 4513 λογεῖν
413 4447 840 4518 εὐεργετεῖσθαι,
870 4450 1223 4521 διηγούμενον
1244 4452 1343 4517 τὰς
1376 4456 1602 4526 χάριτας
1628 4475 1642 4489 ο
1675 4453 1787 4513 οἷον

210 4538 309 4592 καὶ
354 4542 413 4593 ὲν
451 4540 529 4610 τῷ
574 4539 618 4592 θ’
660 4541 858 4612 ψαλμῷ
908 4543 1005 4595 τό·
1061 4545 1617 4618 Ἐξομολογήσομαί
1665 4566 1784 4615 σοι,

209 4632 409 4700 Κύριε,
438 4632 508 4685 ὲν
536 4632 651 4702 ὅλῃ
680 4634 758 4702 τῇ
783 4634 995 4703 καρδίᾳ
1021 4654 1168 4705 μου·
1208 4636 1563 4709 διηγήσομαι
1596 4640 1789 4709 πάντα

212 4723 289 4778 τὰ
318 4724 617 4794 θαυμάσιὰ
664 4741 803 4781 σου.
843 4729 976 4780 Ποῖα
1010 4725 1102 4782 οὖν
1154 4729 1430 4798 Θαυμάσιά
1483 4735 1788 4802 ὸιηγεῖται;

228 4814 383 4885 Ἐγὼ
407 4817 738 4884 εὐθύτητας
761 4817 962 4886 κρινῶ.
986 4818 1192 4883 Ταῦτα,
1222 4822 1303 4875 ὅτι
1336 4824 1646 4893 ἐπηγγείλω
1674 4824 1794 4895 κρί-

214 4924 329 4961 νειν
349 4906 670 4979 εὐθύτητας,
691 4909 767 4972 ὡς
790 4908 885 4962 τοῦ
915 4910 1049 4964 Θεοῦ
1072 4912 1228 4965 τοῦτο
1251 4914 1493 4976 εἰπόντος
1516 4914 1609 4967 καὶ
1632 4915 1796 4983 ἑπαγ-

214 4997 562 5068 γειλαμένου.
593 4999 869 5053 Δέδεικται
902 5000 1011 5071 γὰρ
1041 5000 1330 5071 πολλαχοῦ,
1360 5002 1481 5055 ἀντὶ
1510 5000 1602 5054 τοῦ
1632 5001 1793 5073 ἔργου

216 5090 312 5143 τὸν
340 5088 497 5157 λόγον
542 5090 634 5143 καὶ
660 5090 759 5161 τὴν
787 5091 1118 5160 ἐπαγγελίαν
1162 5091 1472 5163 λαμϐάνων.
1503 5092 1579 5145 Οὐ
1617 5091 1697 5144 δεῖ
1738 5091 1794 5144 δὲ

218 5179 542 5250 θαυμάζειν,
565 5181 645 5233 ὅτι
669 5182 743 5253 μὴ
769 5178 911 5247 εἷπε,
932 5183 1271 5253 Διηγήσομαι
1292 5183 1359 5237 τά
1380 5182 1656 5252 θαυμάσιά
1678 5199 1793 5246 σου,

220 5272 352 5325 ὅταν
382 5269 532 5322 λάϐω
558 5271 767 5341 καιρόν.
805 5273 963 5325 Ἵδιον
994 5274 1101 5344 γὰρ
1134 5272 1322 5336 αὐτοῦ,
1354 5274 1414 5326 τὸ
1440 5275 1503 5325 ἑκ
1535 5274 1633 5344 τῆς
1665 5274 1795 5326 ἀκο-

220 5361 440 5424 λουθίας
470 5360 648 5429 λέγειν
675 5361 746 5415 τά
772 5362 835 5416 ἑκ
862 5380 1023 5418 τινων
1065 5363 1318 5434 ρηθέντα,
1347 5365 1441 5417 καὶ
1475 5363 1549 5435 μὴ
1579 5381 1799 5435 προστι-

224 5450 374 5505 θέναι
405 5451 466 5503 τὸ
492 5450 693 5517 εἰπών,
731 5452 764 5522 ἢ
800 5452 1013 5521 λέγων,
1042 5455 1074 5524 ἢ
1101 5472 1151 5507 τι
1179 5454 1437 5507 τοιοῦτον.
1465 5455 1573 5507 Καὶ
1601 5453 1799 5507 πολλα-

226 5541 323 5611 χοῦ
366 5542 431 5595 ἄν
460 5560 541 5606 τις
588 5542 737 5612 εὖροι
771 5544 1010 5615 ζητήσας
1048 5547 1154 5599 τῶν
1188 5545 1463 5617 Ψαλμῶν
1490 5542 1598 5599 οἷον
1642 5546 1699 5598 ὲν
1723 5545 1801 5615 τῷ

231 5632 355 5707 ριθ’,
389 5635 545 5703 Πρὸς
579 5637 794 5705 Κύριον
830 5638 897 5690 ἐι·
934 5638 1010 5703 τῷ
1050 5639 1358 5693 θιίίϐεσθαί
1390 5655 1465 5707 με
1489 5635 1795 5705 ἐκέκραξα.

1890 4451 2035 4505 enim
2084 4450 2138 4505 in
2183 4450 2351 4505 Deum
2402 4460 2508 4517 est,
2554 4451 2805 4506 conﬁteri
2860 4449 3208 4511 beneficium,
3257 4450 3463 4519 gratias

1889 4544 2403 4607 commemorando;
2434 4542 2595 4610 quale
2612 4551 2693 4596 est
2716 4551 2767 4594 et
2789 4541 2922 4595 lllnd
2948 4541 3002 4594 in
3036 4540 3247 4609 psalmo
3271 4554 3453 4594 nono:

1894 4629 2199 4699 Conﬁtebor
2220 4631 2335 4692 tibi,
2368 4631 2614 4695 Domine,
2634 4632 2689 4684 in
2726 4640 2836 4685 toto
2862 4631 3020 4685 corde
3047 4647 3195 4694 meo;
3230 4630 3463 4684 narrabo

1891 4723 2071 4775 omnia
2099 4720 2371 4775 mirabilia
2404 4731 2497 4775 tua
2516 4721 2690 4791 (Psal.
2715 4738 2791 4783 ix,
2815 4723 2889 4791 I).
2908 4720 3099 4787 Qualia
3122 4722 3286 4791 igitur
3306 4720 3466 4774 mira-

1892 4812 2022 4868 bilia
2069 4814 2331 4866 enarrat?
2380 4812 2489 4882 Ego
2527 4813 2772 4880 justitias
2808 4811 3082 4881 judicabo.
3134 4810 3260 4865 Haec
3313 4817 3463 4876 sunt,

1893 4903 2039 4974 quod
2072 4905 2388 4974 promiseris
2432 4902 2980 4973 justitiasjudicare,
3009 4903 3170 4973 quasi
3209 4902 3321 4957 Deo
3365 4902 3468 4956 hoc

1895 4995 2111 5051 dicente
2139 5012 2203 5051 ac
2234 4996 2609 5066 promittente.
2642 4994 2905 5049 Plurimis
2938 4994 3086 5049 enim
3120 4995 3255 5049 locis
3284 5003 3470 5048 osten-

1898 5102 2018 5143 sum
2049 5096 2157 5151 est,
2187 5086 2335 5157 quod
2371 5102 2472 5156 pro
2520 5100 2687 5156 opere
2713 5099 3025 5140 sermonem
3060 5099 3125 5138 ac
3155 5083 3470 5154 promissio-

1899 5192 2020 5232 nem
2077 5177 2366 5246 aeceperit.
2415 5175 2533 5229 Non
2584 5182 2799 5244 oportet
2845 5182 3026 5230 autem
3076 5175 3294 5238 mirari,
3323 5172 3468 5243 quod

1898 5281 2009 5321 non
2059 5267 2280 5331 dixerit,
2350 5266 2632 5321 Enarrabo
2679 5266 2954 5320 mirabilia
2992 5274 3105 5328 tua,
3148 5275 3274 5320 cuin
3308 5280 3469 5319 accer

1900 5375 2031 5430 pero
2061 5369 2294 5427 tempus.
2320 5356 2610 5427 PrOprium
2645 5357 2792 5412 enim
2842 5358 3034 5426 ipsius,
3072 5367 3131 5410 ut
3179 5372 3247 5411 ex
3276 5369 3471 5410 conse-

1902 5451 2086 5519 quenti
2120 5448 2322 5505 referat
2350 5465 2413 5504 ea
2444 5464 2565 5520 qua:
2599 5449 2667 5503 ab
2701 5448 2979 5518 aliquibus
3022 5447 3170 5501 dicta
3219 5453 3369 5509 sunt,
3417 5454 3472 5498 et

1902 5558 2012 5598 non
2053 5541 2215 5596 addat
2257 5543 2487 5597 verbum
2527 5541 2698 5605 aiens,
2736 5539 3060 5621 vel‘dicens,
3090 5544 3183 5590 aut
3224 5535 3472 5613 quidsi;

1904 5635 2049 5692 mile.
2081 5634 2260 5707 Atque
2293 5634 2396 5690 hoc
2435 5632 2748 5704 frequenter
2776 5630 2903 5702 quis
2958 5628 3193 5706 reperiet
3224 5628 3281 5684 in
3326 5625 3464 5684 Psal
