3834 6224
392 200 498 263 693

1552 227 1902 290 THEODORI
1929 232 2412 301 MOPSUESTENI

3543 262 3647 318 696

391 317 516 382 tuis,
537 320 580 373 si
596 331 804 391 qnzerat
825 334 913 392 ;ut
927 326 980 383 in
1007 331 1217 400 psalmo
1234 338 1540 393 centesimo
1559 343 1773 399 decimo
1792 363 1952 411 nono,

399 409 474 443 ΔΑ
511 409 781 443 ΠΛ...;.......
820 435 928 443 --.-.-
983 423 1177 443 .-Μωρέ
1320 429 1348 443 ..
1524 433 1534 442 .
1851 440 1880 443 ,Α
1927 442 1930 443 ,

2067 360 2165 412 καὶ
2190 363 2521 432 είσήκουσέ
2541 384 2662 435 μου
2686 384 2699 398 ν
2738 370 2832 423 καὶ
2862 370 2921 424 οὐ
2952 373 3357 443 προστεθεικιὶκ
3378 374 3440 429 τὸ
3465 377 3650 431 εἰπών

389 409 474 463 Αά
507 409 781 470 Dominum
813 435 931 472 cunt
979 423 1269 480 tribularer
1297 429 1534 486 clamavi
1561 444 1646 488 ἔοι
1685 409 1958 495 exaudivit

390 511 472 558 tu:
485 503 660 598 (Psal.
687 523 836 572 cxix,
856 512 890 566 4
905 512 953 581 );
977 523 1031 568 et
1049 530 1156 570 non
1187 519 1495 590 adjungens
1517 525 1740 582 verbum
1761 529 1964 598 dicens,

390 596 695 666 snbjunxit,
727 600 970 666 Domine,
999 605 1166 661 libera
1210 611 1448 666 animam
1489 631 1681 684 meam,
1707 634 1805 689 per
1834 623 1968 678 reti-

388 689 646 753 centiam,
668 706 732 746 ex
756 701 1109 766 consequenti
1146 702 1463 772 signiﬁcans
1493 709 1640 764 istud
1664 712 1840 768 dicens
1865 731 1882 778 ;
1912 723 1968 770 et

385 777 590 834 clarius
625 780 679 834 in
731 785 973 840 secundo
1025 790 1600 856 psalmozAstiterunt
1646 801 1826 867 enim,
1866 777 1968 858 Vin-

384 868 525 935 quit,
559 885 704 940 rcges
745 881 921 940 terrm,
955 888 1004 931 et
1032 881 1295 950 principes
1333 901 1688 944 convenerunt
1722 893 1773 946 in
1806 910 1967 948 unum

383 959 633 1018 adversus
688 963 987 1031 Dominum,
1013 981 1059 1022 et
1111 972 1362 1031 adversus
1393 977 1664 1034 Christum
1703 983 1837 1052 ejus.
1873 985 1966 1039 Di-
1995 1014 2002 1022 ο

383 1062 689 1122 rumpamus
718 1059 928 1114 uincula
967 1079 1146 1116 eorum
1179 1064 1353 1135 (Psal.
1388 1070 1544 1140 11,2).
1573 1071 1728 1129 Nunc
1780 1085 1961 1133 autem

383 1145 699 1214 relinquens
743 1152 968 1208 verbum
999 1154 1263 1224 dicentes,
1301 1175 1434 1217 usus
1473 1172 1558 1218 est
1593 1165 1797 1236 ubique
1833 1185 1961 1238 pro-

381 1237 498 1304 pria
520 1244 930 1311 consequentia.
958 1246 1136 1317 Atque
1163 1253 1389 1307 omnino
1416 1253 1518 1308 hoc
1549 1256 1802 1324 plurimis
1827 1237 1964 1318 locis

379 1330 621 1396 reperire
644 1332 819 1389 liceat.
841 1332 944 1391 Sed
967 1339 1080 1393 hare
1105 1341 1338 1398 sufficiat
1358 1347 1713 1413 proposuisse
1737 1349 1789 1403 in
1811 1352 1964 1406 testi-

379 1421 624 1478 monium
658 1418 777 1494 ejus
803 1429 995 1498 quoda
1018 1433 1174 1488 nobis
1195 1434 1422 1490 dictum.
1455 1440 1514 1492 ιη
1552 1439 1669 1510 ipsa
1700 1441 1962 1512 deinceps

378 1505 828 1582 interpretatione
863 1534 1006 1590 saepe
1045 1521 1190 1577 dicta
1227 1526 1446 1595 phrasis
1484 1532 1757 1594 occurrit;
1781 1534 1962 1604 legen-

376 1603 509 1657 tium
542 1606 732 1676 utique
772 1610 876 1663 erit
929 1603 1248 1671 meminisse
1293 1633 1511 1678 semper
1554 1623 1960 1682 subauditionis

375 1707 472 1751 seu
506 1695 1018 1766 adsigniﬁcationis.

445 1783 608 1841 Vsus.
632 1787 681 1841 7.
707 1816 776 1826 -—
803 1790 1020 1846 Exitum
1073 1809 1452 1865 smpenumero
1483 1809 1644 1856 vocat
1689 1804 1824 1860 solis
1869 1821 1958 1859 or-

375 1880 516 1936 tum.
547 1888 605 1933 ut
645 1881 798 1942 illud,
827 1881 1022 1940 Exitus
1050 1891 1302 1944 matutini
1343 1901 1392 1946 et
1425 1909 1633 1962 vespere
1669 1897 1955 1952 delectabis

375 1967 550 2037 (Psal.
573 1984 718 2038 sxw,
743 1974 820 2039 9).
851 1975 989 2041 Quia
1011 1979 1175 2032 etiam
1199 1983 1403 2037 exitum
1426 1986 1561 2040 solis
1589 1997 1745 2042 vocat
1777 1990 1952 2057 ipsum

373 2056 661 2119 orientem,
687 2071 747 2115 ut
771 2062 940 2131 istud,
962 2065 1000 2117 Α
1022 2083 1227 2122 summa
1242 2071 1369 2124 caelo
1390 2077 1617 2143 egressio
1634 2077 1748 2138 eius
1772 2075 1946 2148 (Psal.

371 2146 608 2220 Inui).
631 2146 1011 2225 Egressionem
1037 2158 1204 2227 igitur
1221 2176 1316 2216 seu
1333 2164 1537 2218 exitum
1557 2166 1692 2221 dicit
1711 2146 1949 2235 partium

370 2242 745 2312 orientalium,
781 2248 1057 2304 desertum
1093 2265 1224 2306 vero
1253 2254 1522 2310 montium
1547 2261 1952 2328 septentriona-

367 2332 501 2388 lium
532 2343 585 2391 et
617 2337 1078 2395 meridionalium.
1115 2341 1249 2398 Nam
1284 2347 1411 2416 quia
1451 2349 1683 2404 duorum
1715 2350 1947 2406 istorum

365 2425 646 2481 climatum
693 2440 878 2500 partes
929 2435 1049 2488 aliae
1101 2435 1322 2505 quidem
1371 2447 1499 2495 sunt
1533 2441 1853 2498 inhabitatze
1884 2458 1947 2498 ac

364 2516 615 2581 desertae,
635 2529 857 2590 prepter
873 2537 1158 2605 excessum
1179 2527 1373 2597 glaciei
1397 2531 1630 2601 (scilicet
1652 2533 1943 2606 boreales),

363 2607 483 2661 alia:
497 2623 624 2663 vero
644 2622 864 2682 propter
885 2602 1108 2670 nimium
1130 2619 1367 2675 calorem
1385 2622 1603 2692 (nempe
1618 2626 1940 2695 australes),

365 2700 482 2758 haec
510 2703 621 2758 duo
643 2706 862 2761 climata
890 2709 1169 2784 desertum
1195 2716 1462 2770 montium
1487 2718 1794 2787 appellavit.
1813 2717 1941 2775 Vult

363 2799 548 2848 autem
580 2795 784 2861 dicere,
813 2799 959 2868 quod
985 2803 1178 2857 nullibi
1207 2803 1280 2858 sit
1311 2803 1479 2859 Deum
1513 2806 1770 2879 eﬂ‘ugere.
1798 2809 1939 2876 Quo-

361 2895 584 2954 cunque
612 2888 757 2942 enim
809 2889 874 2943 ad
919 2900 1158 2961 quatuor
1191 2894 1315 2948 ειηιί
1347 2895 1570 2950 climata
1615 2899 1937 2962 recesseris,

364 2971 533 3029 Deum
578 2992 924 3035 communem
966 2977 1205 3051 judicent
1252 2993 1307 3040 et
1356 2987 1562 3057 ubique
1605 2997 1934 3058 praesentem

361 3071 600 3142 eﬂ'ugere
630 3091 976 3148 nequaquam
1009 3088 1184 3148 potes.

433 3163 600 3221 Vens.
622 3167 674 3221 8.
697 3198 768 3208 --
797 3162 997 3224 Vinum
1031 3172 1234 3242 accipit
1274 3172 1342 3228 de
1371 3175 1665 3245 supplicio,
1695 3193 1762 3232 eo
1795 3179 1938 3248 quod

360 3255 437 3309 illi
476 3257 570 3326 qui
605 3259 915 3328 puniuntur
968 3262 1146 3317 instar
1179 3264 1524 3320 ebriosorum
1562 3268 1942 3340 circumagan-

357 3351 470 3410 tur,
497 3354 553 3402 et
586 3351 952 3406 succumbant
981 3353 1155 3424 plagae
1182 3351 1299 3410 Dei.
1324 3355 1497 3411 liabet
1529 3359 1698 3426 enim,
1733 3363 1934 3432 inquit,

356 3431 414 3491 ln
470 3453 636 3493 manu
687 3441 1048 3521 sua‘calicem
1084 3444 1306 3514 plenum
1365 3461 1518 3502 mero
1559 3449 1722 3518 vino;
1770 3467 1837 3507 ac
1889 3453 1936 3509 si

2070 449 2336 517 ἐπήγαγε,
2365 457 2559 523 Κύριε,
2581 457 2768 524 ῥῦσαι
2793 459 2909 528 τὴν
2935 465 3148 532 ψυχήν
3177 483 3318 534 μου,
3347 466 3486 521 κατά
3514 468 3648 522 ἀπο-

2071 537 2337 612 σιώπησιν
2369 547 2618 616 σημάνας
2652 553 2717 604 ὲκ
2751 553 2852 622 τῆς
2877 555 3197 623 ἀκολουθίας
3222 559 3282 612 τὺ
3311 561 3494 615 εἰπών
3513 578 3526 594 ·
3551 562 3642 616 καὶ

2070 631 2402 706 σαφέστερον
2455 639 2514 690 ὲν
2565 639 2640 710 τῷ
2685 643 2921 716 δευτέρῳ
2956 647 3156 719 ψαλμῷ
3175 689 3190 713 ,
3245 652 3647 721 Παρέστησαν

2067 722 2197 794 γὰρ,
2228 726 2414 797 φησὶν,
2445 729 2494 782 οἱ
2521 732 2807 801 ,βασιλεῖς
2843 729 2950 805 τῆς
2976 737 3105 808 γῆς,
3133 741 3233 795 καὶ
3273 744 3329 797 οΖ
3356 743 3646 813 ἄρχοντες

2067 815 2474 886 συνήχθησαν
2507 821 2605 876 ἐπὶ
2645 825 2712 877 τὸ
2755 828 2901 881 αὐτὸ
2936 830 3087 884 κατὰ
3123 833 3228 886 τοῦ
3270 834 3511 901 Κυρίου,
3543 834 3644 888 καὶ

2067 907 2218 962 κατὰ
2247 909 2354 964 τοῦ
2381 913 2640 981 Χριστοῦ
2672 917 2880 973 αὐτοῦ.
2913 921 3328 991 Διαρῤήξωμετ
3364 923 3507 991 τοὺς
3549 923 3646 978 δε-

2066 999 2260 1067 σμοὺς
2283 1002 2499 1059 αὐτῶν.
2523 1005 2637 1058 Νῦν
2657 1006 2714 1059 δὲ
2736 1009 3057 1079 παραλιπὼν
3077 1012 3138 1064 τὸ
3160 1013 3462 1083 λέγοντες,
3491 1015 3641 1086 ἐχρή-

2068 1104 2199 1143 σατο
2246 1095 2311 1164 τῇ
2343 1094 2519 1166 οἰκείᾳ
2565 1097 2632 1150 δι’
2667 1098 2802 1152 ὅλων
2841 1098 3152 1173 ἀκολουθίᾳ.
3188 1105 3297 1157 Καὶ
3349 1105 3486 1169 ὅλως
3517 1106 3646 1159 πολ-

2064 1180 2228 1252 λαχοῦ
2259 1183 2416 1238 τοῦτο
2465 1185 2608 1240 ἔστιν
2651 1190 2850 1259 εὑρεῖν.
2896 1193 3081 1263 Ἀρκεῖ
3117 1194 3226 1265 γάρ
3251 1194 3425 1249 ταῦτα
3464 1212 3644 1268 παρα-

2065 1274 2324 1348 θεμένους
2367 1283 2446 1345 εἰς
2477 1285 2781 1355 μαρτυρίαν
2811 1287 2905 1340 τοῦ
2951 1291 3080 1359 παρ’
3120 1289 3278 1360 ἡμῶν
3323 1289 3637 1361 λεγομένου.

2078 1367 2165 1424 Ἑν
2203 1372 2338 1443 αὐτῇ
2372 1374 2604 1446 καθεξῆς
2628 1378 2892 1450 ἑρμηνείᾳ
2913 1379 3081 1447 δεῖξαι
3109 1381 3377 1452 πολλαχοῦ
3406 1382 3640 1453 φερόμε-

2062 1477 2152 1513 νον
2189 1461 2250 1514 τὸ
2291 1463 2514 1532 ἰδίωμαο
2547 1465 2655 1518 τῶν
2699 1469 3176 1534 ἀναγινωσκόντων
3225 1472 3405 1537 μέντοι
3441 1472 3526 1544 εἴη
3573 1471 3641 1526 ἂν

2064 1551 2424 1623 μνημονεύειν
2455 1557 2765 1628 ἁπανταχοῦ
2792 1559 2890 1631 τῆς
2915 1561 3304 1632 ἐπισημασίας.

2131 1802 2281 1874 Στίχ.
2317 1804 2380 1869 ζ’.
2411 1837 2479 1846 —-
2515 1805 2731 1871 Ἕξοδον
2763 1806 3030 1878 πολλαχοῦ
3061 1808 3216 1863 καλεῖ
3234 1809 3334 1880 τὴν
3363 1807 3455 1862 τοῦ
3484 1807 3639 1880 ἡλίου

2059 1894 2339 1966 ἀνατολὴν,
2381 1895 2456 1958 ὡς
2499 1895 2580 1957 τὸ,
2631 1892 2763 1961 Ἐξό
2777 1896 2910 1963 Ξους
2958 1899 3179 1966 πρωτας
3233 1899 3330 1952 καὶ
3377 1899 3638 1967 ἑσπέρας

2057 1983 2317 2052 τέρψεις.
2361 1984 2575 2058 Ἐπειδὴ
2607 1987 2699 2040 καὶ
2746 1987 2923 2053 ἔξοδον
2961 1988 3056 2042 τοῦ
3096 1989 3245 2061 ἡλίου
3281 1988 3436 2044 καλεί
3467 1991 3638 2063 αὐτὴν

2055 2074 2152 2145 τὴν
2201 2075 2500 2146 ἀνατολήν·
2541 2077 2616 2140 ὡς
2663 2077 2742 2142 τὸ,
2785 2079 2902 2132 Ἀπ’
2930 2078 3115 2149 ἄκρου
3146 2080 3253 2134 τοῦ
3297 2082 3557 2147 οὐρανοῦ
3596 2078 3636 2150 ἡ

2055 2167 2267 2233 ἔξοδος
2291 2169 2499 2223 αὐτοῦ.
2532 2169 2749 2234 ’Ἑξοδον
2771 2165 2862 2223 οὖν
2883 2170 3030 2238 λέγει
3057 2171 3163 2224 τῶν
3185 2172 3480 2236 ἀνατολῶν,
3509 2172 3634 2244 ἔρη-

2057 2273 2155 2327 μον
2185 2258 2241 2311 δὲ
2270 2259 2441 2332 ὀρέων
2482 2262 2682 2332 ἄρκτου
2714 2263 2811 2315 καὶ
2854 2263 3222 2335 μεσημϐρίας.
3273 2263 3490 2335 Ἐπειδὴ
3525 2266 3633 2334 γὰρ

2052 2349 2160 2404 τῶν
2201 2349 2294 2404 δύο
2322 2351 2525 2404 τούτων
2558 2353 2836 2423 κλιμάτων
2869 2353 2937 2406 τὰ
2983 2353 3081 2424 μέν
3135 2357 3280 2407 ἐστιν
3325 2355 3486 2408 ἄοικα
3537 2354 3634 2408 καὶ

2051 2442 2254 2516 ἔρημα,
2300 2444 2366 2497 δι’
2400 2445 2704 2516 ὑπερϐολὴν
2752 2446 2954 2516 κρύους
2985 2446 3147 2516 (λέγω
3169 2447 3225 2501 δὲ
3257 2448 3326 2500 τά
3363 2447 3630 2518 ἁρκτῶα),

2049 2533 2200 2589 τὰδὲ
2246 2535 2312 2589 δι’
2346 2533 2650 2608 ὑπερϐολὴν
2696 2538 2933 2602 θάλπους
2975 2538 3069 2609 (ὡς
3119 2540 3186 2594 τὰ
3237 2538 3629 2609 μεσημϐρινὰ).

2049 2627 2270 2697 ἐρήμων
2303 2627 2473 2698 ὀρέων
2503 2629 2728 2683 ἐκάλεσε
2757 2631 2929 2683 ταῦτα
2977 2630 3046 2682 τὰ
3072 2630 3163 2682 δύο
3202 2631 3459 2698 κλίματα.
3496 2629 3632 2683 Βού-

2047 2715 2198 2768 λεται
2245 2716 2302 2771 δὲ
2350 2719 2542 2776 εἰπεῖν.
2576 2719 2656 2771 ὅτι
2703 2718 3002 2790 οὐδαμόθεν
3051 2719 3167 2772 ἔστι
3216 2718 3496 2786 διαιξυγεϊν
3537 2718 3629 2771 τὸν

2046 2806 2198 2862 Θεὸν.
2229 2809 2403 2862 Ὅπου
2434 2811 2563 2862 ποτὲ
2585 2811 2692 2881 γὰρ
2714 2810 2778 2863 ἂν
2806 2811 3050 2882 ἀπέλθῃς
3075 2810 3180 2863 τῶν
3207 2811 3487 2882 τεσσάρων
3513 2810 3630 2863 κλι-

2047 2902 2232 2972 μάτων
2264 2902 2358 2955 τοῦ
2396 2902 2644 2974 οὐρανοῦ,
2681 2905 2960 2973 διαφυγεῖν
3007 2903 3102 2972 οὐχ
3135 2897 3245 2956 οἷόν
3283 2919 3343 2955 τε
3375 2901 3464 2956 τὸν
3497 2901 3628 2956 Θεὸν

2045 2995 2222 3048 κοινὸν
2250 2995 2379 3049 ὄντα
2405 2995 2664 3066 δικάστην
2694 2996 2789 3049 καὶ
2821 2994 3097 3065 πανταχοῦ
3130 2995 3393 3065 παρόντα.

2115 3169 2263 3240 Στίχ.
2301 3177 2372 3240 η’.
2407 3201 2474 3210 -
2498 3170 2602 3223 Τὸν
2631 3165 2771 3224 οἶνον
2805 3171 2897 3222 ἐπὶ
2923 3171 3020 3241 τῆς
3047 3169 3315 3241 τιμωρίας
3335 3167 3622 3238 λαμϐάνει,

2043 3261 2150 3314 ἀπὸ
2184 3259 2275 3313 τοῦ
2313 3261 2692 3332 περιάγεσθαι,
2725 3261 2817 3315 καὶ
2866 3261 3230 3314 καταπίπτειν
3261 3263 3326 3330 τῇ
3361 3259 3457 3312 τοῦ
3487 3259 3622 3312 Θεοῦ

2042 3350 2247 3421 πληγῇ,
2287 3353 2414 3416 τοὺς
2442 3352 2884 3422 τιμωρουμένους
2911 3350 3067 3419 δίκην
3105 3349 3434 3421 μεθυόντων.
3468 3351 3624 3420 Ἔχει

2040 3443 2169 3515 γὰρ,
2199 3443 2385 3514 φησιν,
2420 3444 2477 3496 ὲν
2508 3445 2573 3514 τῇ
2602 3442 2792 3496 ἑαυτοῦ
2816 3443 2958 3514 χειρὶ
2981 3444 3236 3514 ποτήριον
3264 3441 3624 3514 πεπληρωμέο

355 3527 506 3583 dicat
555 3531 917 3590 terribiliores
965 3549 1178 3606 poenas,
1203 3553 1271 3594 eo
1309 3540 1459 3611 quod
1488 3540 1679 3596 vinum
1717 3557 1932 3599 merum

355 3621 533 3642 ..μμ
563 3620 720 3642 ρης-.
782 3641 825 3642 ,,
1006 3635 1018 3642 .
1096 3629 1111 3642 .
1169 3637 1180 3642 -
1235 3630 1271 3642 ..
1514 3633 1526 3642 .
1572 3641 1575 3642 ν
1881 3635 1896 3642 -

2062 3551 2128 3589 νον
2157 3534 2398 3606 ἀκράτου
2421 3534 2564 3588 οἴνου
2583 3551 2595 3564 ·
2636 3536 2724 3588 ἵνα
2748 3537 2874 3606 εἴπῃ
2905 3531 3618 3642 φοϐερωτέραςῆτιμωριίας.

352 3621 534 3690 magis
563 3620 746 3689 feriat,
777 3641 873 3682 seu
903 3629 1208 3696 perturbet.
1235 3630 1406 3686 Porro
1455 3633 1679 3688 mistum
1715 3649 1827 3689 non
1863 3635 1934 3691 de

2062 3625 2144 3678 ιπὸ
2175 3625 2269 3679 τοῦ
2321 3626 2412 3680 τὸν
2453 3627 2691 3698 ἄκρατον
2735 3624 2877 3681 οἶνον
2911 3627 3173 3698 μειζόνως
3216 3624 3620 3680 καθάπτεσθαι.

2062 3713 2097 3734 HI
2143 3717 2183 3734 αἱ
2324 3733 2332 3734 κ
2362 3718 2374 3734 1
2656 3717 2670 3734 1
2958 3719 2970 3734 1
3117 3721 3133 3734 Α
3159 3719 3173 3734 ι
3274 3733 3277 3734 ,
3319 3719 3331 3734 1
3389 3717 3414 3730 ﬁ
3531 3716 3544 3734 I
3580 3733 3585 3734 ,

353 3712 742 3770 commistione
793 3716 928 3772 dicit
971 3721 1284 3790 (quomodo
1329 3724 1501 3787 enim,
1531 3740 1656 3780 cum
1714 3742 1929 3782 merum

2062 3713 2110 3771 Γὸ
2138 3717 2195 3771 δὲ
2244 3718 2591 3790 κεράσματος
2617 3717 2678 3773 οὐ
2726 3719 3067 3790 κεκραμένου
3117 3719 3282 3788 λέγει’
3315 3717 3456 3788 (πῶς
3485 3716 3616 3787 γὰρ,

352 3799 576 3869 dixerit,
610 3820 807 3862 rursus
865 3809 1090 3866 mistum
1126 3814 1502 3886 appellaret?),
1532 3817 1626 3872 sed
1668 3818 1799 3888 quia
1835 3819 1932 3873 mi-

2062 3805 2145 3862 iév
2173 3826 2232 3862 τε
2265 3810 2489 3864 εἰπόντα
2519 3811 2783 3881 ἀκράτου,
2815 3811 2978 3864 πάλιν
3010 3811 3182 3864 εἰπεῖν
3206 3807 3616 3913 κεκραμένους]

350 3892 585 3949 stionem
607 3909 753 3965 saepe
778 3912 1042 3958 vocamus
1071 3917 1408 3964 mensuram.
1433 3921 1556 3974 quae
1573 3905 1641 3960 ad
1667 3907 1929 3962 haustum

350 3981 580 4008 -..m-:-.
647 3986 757 4008 ΙΙ--
802 3991 854 4008 --ε
877 3993 960 4008 μιν
1042 4007 1050 4008 ,
1162 3994 1173 4008 ι
1221 3994 1255 4008 ο-
1330 3995 1364 4008 ιο
1679 3997 1695 4008 ι
1745 3999 1756 4008 .
1802 3999 1834 4008 κ.

2062 3901 2146 3954 λλ*
2176 3901 2364 3972 ἐπειδὴ
2395 3903 2591 3973 κρᾶσιν
2641 3901 2903 3965 πολλάκις
2933 3901 3203 3973 καλοῦμεν
3247 3901 3309 3954 τὸ
3339 3900 3556 3972 μέτρον,
3575 3897 3615 4005 ,ὃ

349 3981 603 4051 sumeiat.
645 3986 760 4044 Hoc
802 3991 1058 4046 nimirum
1089 3994 1262 4048 voluit
1311 3995 1516 4059 dicere,
1548 3997 1695 4066 quod
1745 3999 1927 4054 istius-

349 4070 495 4096 ειη-ΛΑΞ
539 4072 721 4096 ...ΞΑ-Ξ-
756 4074 913 4096 P__-_!.
967 4095 982 4096 κ
1009 4081 1024 4096 ι
1083 4095 1087 4096 ,
1416 4093 1426 4096 _
1534 4086 1567 4096 ι.
1732 4088 1743 4096 .
1846 4088 1860 4096 .

2062 3991 2169 4064 πρὸς
2206 3993 2362 4047 πόσιν
2391 3995 2569 4064 ἀρκεῖ.
2603 3993 2774 4046 Τοῦτο
2797 3993 3070 4064 ἠϐουλήθη
3106 3993 3300 4058 εἰπεῖν,
3329 3993 3412 4045 ὅτι
3438 3988 3614 4096 cetari-

346 4070 498 4124 modi
539 4072 726 4129 mistio
753 4074 919 4131 fuerit
959 4081 1096 4136 adeo
1127 4097 1345 4152 magna,
1372 4093 1433 4138 ut
1465 4086 1692 4141 calicem
1732 4088 1923 4158 imple-

2062 4102 2128 4155 ην
2153 4084 2350 4154 κρᾶσιν
2391 4083 2534 4138 οὕτω
2559 4087 2841 4155 μεγίστην,
2868 4083 3008 4138 ὥστε
3041 4085 3328 4156 πληρῶσαι
3351 4084 3410 4137 τὸ
3442 4083 3612 4154 ποτή-

346 4162 508 4217 verit.
539 4163 620 4218 Ex
669 4173 906 4238 utroque
955 4173 1102 4226 enim
1150 4175 1266 4228 vult
1299 4175 1614 4246 signiﬁcare
1661 4179 1919 4248 supplicii

2064 4194 2162 4231 ιον.
2183 4177 2440 4231 Βούλεται
2451 4177 2507 4231 δὲ
2519 4178 2694 4231 εἰπεῖν
2711 4176 2770 4243 ἐξ
2785 4175 3111 4248 ἀμφοτέρων
3123 4178 3220 4249 τῆς
3231 4176 3499 4248 τιμωρίας
3510 4175 3608 4246 τὴν

345 4251 746 4326 intensionem;
773 4268 886 4315 tum
914 4277 980 4318 ex
1011 4279 1076 4318 eo
1099 4266 1244 4334 quod
1279 4282 1487 4321 merum
1515 4270 1700 4323 vinum
1731 4270 1918 4336 fuerit,

2062 4269 2302 4322 πιτασινσ
2341 4269 2434 4322 κα)⁵
2457 4271 2520 4323 ὲκ
2559 4268 2652 4324 τοῦ
2675 4270 2910 4342 ἄκρατον
2936 4264 3072 4322 εἶναι
3104 4267 3193 4322 τὸν
3215 4264 3375 4328 οἶνον.
3409 4267 3500 4321 καὶ
3541 4269 3609 4321 ἐκ

343 4347 461 4399 tum
491 4361 556 4401 ex
583 4363 652 4403 eo
680 4352 828 4420 quod
857 4354 1000 4408 calix
1031 4356 1226 4425 plenus
1264 4359 1578 4414 exstiterit:
1608 4376 1761 4416 mero
1794 4363 1920 4434 qui-

2062 4360 2118 4415 οὖ
2138 4361 2496 4432 πεπληρῶσαι
2510 4363 2571 4415 τὸ
2588 4380 2686 4416 ποτ
2730 4379 2861 4434 ριον·
2881 4362 2957 4433 τῷ
2982 4363 3079 4432 μὲν
3096 4363 3319 4433 ἀκράτῳ
3331 4361 3390 4415 τὸ
3403 4363 3609 4432 αὐστη-

341 4437 466 4493 dem
492 4443 868 4499 austeritatem
891 4452 948 4500 et
977 4447 1371 4503 vehementiam
1408 4449 1719 4517 declarans,
1746 4453 1920 4523 pleni-

2062 4451 2118 4506 ὀν
2148 4453 2241 4505 καὶ
2269 4450 2483 4505 εὔτονον
2510 4453 2742 4517 δεικνὺς,
2761 4452 2838 4522 τῷ
2863 4449 2920 4506 δὲ
2946 4453 3140 4524 πλήρει
3165 4452 3226 4505 τὸ
3243 4451 3482 4522 διαρκὲς,
3509 4451 3604 4504 καὶ

341 4527 534 4584 tudine
555 4544 690 4586 vero
713 4533 1101 4589 sufﬁcientiam
1127 4551 1223 4592 seu
1249 4538 1669 4606 abundantiam,
1697 4550 1751 4597 et
1772 4543 1918 4612 quod

2062 4542 2240 4598 ’άντων
2283 4542 2605 4614 ἀπτόμενον.
2658 4544 2769 4615 Τὴν
2815 4543 3200 4615 χαλεπωτέραν
3242 4543 3299 4597 δὲ
3332 4542 3603 4614 τιμωρίαν

341 4619 408 4672 ad
442 4634 636 4678 omnes
688 4625 1047 4697 pertingeret.
1079 4629 1406 4685 Graviorem
1463 4639 1645 4687 autem
1701 4647 1918 4703 pmuam

2062 4637 2248 4708 ρυγίαν
2279 4634 2556 4691 ἐκάλεσεν.
2603 4634 2764 4704 Ἐγὼ,
2790 4637 2942 4707 φησὶ,
2974 4636 3034 4688 τὸ
3051 4634 3401 4704 διειδέστερον
3425 4633 3598 4686 έπιον·

337 4710 633 4778 appellavit
663 4713 871 4770 faecem.
901 4716 1036 4788 Ego,
1062 4718 1260 4789 inquit.
1296 4721 1468 4790 magis
1501 4720 1709 4776 clarum
1741 4723 1917 4791 ebibi;

2062 4729 2316 4794 >υτέστιν,
2345 4729 2638 4783 ἐλάττωσιν
2664 4728 2976 4800 ὕπεϐλήθην
3001 4728 3208 4791 κακοῖς.
3225 4727 3404 4798 Αὐτὴν
3423 4726 3479 4779 δὲ
3501 4725 3602 4794 τὴν

337 4798 394 4852 id
439 4809 526 4856 est
567 4804 874 4864 minoribus
921 4809 1081 4865 malis
1112 4804 1396 4879 subjectus
1439 4811 1539 4866 fui.
1568 4812 1746 4882 Ipsam
1778 4828 1913 4868 vero

2062 4819 2375 4892 ποστάθμην
2404 4819 2736 4874 Βαϐυλώνιοι
2767 4820 2839 4890 (1)
2861 4798 3090 4874 Ϋπίονται
3115 4835 3128 4850 ’
3155 4820 3275 4874 ἀντὶ
3290 4817 3409 4884 τοῦ,
3440 4817 3600 4889 χαλε-

337 4888 525 4946 facem
555 4892 842 4966 Babylonii
888 4900 1102 4966 bibent,
1139 4903 1193 4958 id
1222 4911 1329 4968 est,
1360 4904 1615 4974 graviora
1648 4919 1748 4973 pro
1781 4903 1916 4959 faci-

2062 4908 2240 4979 ώτερα
2267 4903 2341 4964 ὧι
2371 4910 2698 4981 εἰργάσαντο
2731 4911 3030 4966 πείσονται.

339 4982 574 5040 naribus
604 4989 721 5045 suis
748 4989 922 5045 luent.

334 5156 478 5282 mals)
506 5155 817 5282 [ﬁgendum
846 5165 1120 5240 Ἀσσύριοι
1147 5179 1333 5230 monet
1361 5174 1490 5231 Otto
1538 5173 1689 5230 Frid.
1726 5171 2008 5234 Fritzsche
2075 5172 2150 5232 De
2191 5176 2386 5234 Tlteod.
2445 5177 2618 5238 Mons.
2665 5181 2789 5238 Vita
2815 5196 2866 5240 et
2911 5184 3133 5256 Script.,
3176 5203 3232 5259 p.
3303 5180 3393 5244 ὅθ.
3444 5182 3595 5242 Halm

477 5264 491 5282 δ
559 5246 676 5282 Dl'l'.

516 5228 676 5287 sm.
