3834 6224
246 265 326 319 ίΠ

1674 262 1743 319 1N
1789 260 2032 320 JOBUM.

3369 254 3476 312 698

243 384 3471 444 mw:-

1505 566 1632 656 IN
1723 561 2169 655 JOBUM.

225 918 475 986 i-‘jusdem
530 915 795 974 Theodori
842 887 1171 987 reprobdutis
1198 928 1272 987 ret
1309 916 1501 969 librum
1548 910 1652 967 Job
1676 952 1710 987 ,_
1743 922 1793 987 et
1823 914 1868 971 Α
1897 907 2001 965 sibi
2032 916 2086 962 et
2115 904 2237 961 ﬁlia:
2264 918 2379 960 suae
2404 901 2470 957 ad
2504 902 2814 957 fabularum
2844 900 3100 971 ﬁgmenta
3128 897 3477 953 communio-

286 1001 473 1045 νηπίω
514 982 923 1057 conscriptorem
962 988 1111 1055 ejus,
1151 986 1205 1039 id
1242 996 1319 1039 est
1344 1024 1360 1048 ,
1394 982 1793 1057 sauctttm_Spi-

295 1062 447 1110 rimm
473 1101 498 1139 ,ν
520 1053 741 1139 dicentis
772 1058 910 1129 quod
944 1053 1158 1128 pagana
1187 1057 1396 1124 sapiens
1427 1057 1564 1108 hunc
1599 1053 1793 1107 librum

292 1142 605 1197 muscrtpstt
617 1169 629 1182 .

290 1238 385 1290 Itis
406 1237 483 1309 (l)
514 1254 637 1308 quae
671 1256 768 1308 pro
799 1239 1045 1295 doctrina
1080 1238 1361 1293 hominum
1393 1236 1598 1309 scripta
1631 1244 1783 1299 sunt,

212 1336 270 1383 et
307 1327 617 1385 Salomonis
648 1331 769 1384 libri
804 1329 1234 1384 connumerandi
1264 1337 1413 1392 sunt,
1449 1328 1501 1382 id
1532 1339 1635 1393 est,
1659 1328 1793 1382 Pro-

214 1420 401 1474 verbia
435 1428 491 1475 et
521 1420 946 1485 Ecclesiastica,
984 1436 1105 1491 quae
1147 1423 1264 1491 ipse
1308 1436 1372 1477 ex
1408 1436 1509 1477 sua
1554 1436 1791 1490 persona

213 1512 282 1564 ad
319 1513 551 1565 aliorum
591 1513 882 1567 utilitatem
927 1513 1276 1582 composuit,
1323 1528 1450 1567 cum
1494 1514 1793 1582 pr0pbetite

214 1603 435 1669 quidem
482 1600 713 1672 gratiam
763 1619 873 1657 non
918 1603 1262 1672 accepisset,
1311 1603 1618 1674 prudentia:
1660 1621 1792 1660 vero

215 1692 446 1762 gratiam
470 1734 485 1756 ,
539 1710 661 1764 qute
694 1695 977 1749 evidenter
1008 1698 1176 1749 altera
1225 1705 1310 1752 est
1356 1705 1556 1767 praeter
1603 1698 1788 1766 illam,

211 1786 516 1839 secundum
551 1786 692 1839 beati
726 1784 876 1840 Pauli
907 1803 1119 1842 vocem.

817 1900 885 1954 Et
911 1911 1028 1969 pust
1058 1903 1189 1956 alia.

285 2006 416 2061 Erat
462 2009 629 2078 igitur
678 2018 816 2065 satis
859 2013 1147 2078 idoneum,
1194 2030 1532 2085 supervacua
1568 2018 1786 2088 quidem

210 2101 400 2152 omnia
437 2100 604 2155 verba
643 2102 863 2157 auferre
884 2102 1187 2174 Scriptura:
1211 2125 1224 2160 :
1252 2122 1373 2177 qua:
1404 2118 1583 2165 autem
1618 2112 1683 2165 ad
1722 2112 1791 2167 si-

207 2190 621 2260 gniﬁcationem
655 2194 778 2247 vita:
804 2195 925 2263 ejus
955 2198 1267 2251 necessaria
1296 2210 1458 2255 erant
1484 2217 1783 2271 exponere,

210 2300 338 2353 quae
371 2285 555 2339 omnia
592 2286 935 2342 subiciebant
969 2291 1273 2360 quemlibet
1300 2292 1367 2346 ad
1399 2294 1625 2349 meliora
1658 2311 1791 2350 con—

210 2382 471 2439 vertere,
524 2382 578 2430 et
624 2379 1001 2434 munulatorem
1057 2379 1235 2434 facere
1277 2381 1429 2436 boni.
1473 2381 1631 2436 Nunc
1660 2399 1792 2438 vero

209 2483 338 2521 cum
378 2467 479 2521 hoc
513 2484 620 2522 non
658 2469 907 2537 fecisset,
944 2472 1010 2525 ad
1056 2473 1182 2526 vani
1227 2474 1454 2528 honoris
1494 2484 1789 2531 amatorem

210 2572 322 2608 non
358 2562 726 2612 necessarium
756 2562 1079 2625 respiciens,
1108 2578 1214 2617 non
1244 2564 1297 2617 in
1328 2564 1573 2621 minimis
1596 2567 1791 2621 existi-

210 2649 439 2701 mationi
485 2650 621 2717 justi
670 2652 860 2705 nocuit
900 2653 1045 2722 apud
1080 2669 1210 2717 eos,
1244 2656 1336 2725 qui
1372 2656 1588 2710 divinas
1646 2656 1793 2711 Scri-

209 2751 402 2807 p'uras
424 2757 529 2795 non
554 2757 677 2795 cum
696 2744 875 2799 debita
901 2746 1191 2799 devotione
1214 2746 1468 2816 judicare
1498 2748 1707 2812 solent,
1737 2758 1791 2803 et

209 2849 276 2884 ex
311 2832 413 2886 hoc
445 2835 647 2890 multos
686 2835 816 2889 fecit
846 2837 1053 2907 scripta
1089 2837 1404 2909 inculpare,
1441 2847 1495 2893 et
1528 2839 1594 2893 ad
1624 2854 1791 2893 accu-

210 2923 482 2979 sationem
513 2940 577 2979 ea
611 2926 827 2989 trahere
858 2929 999 2984 beati
1034 2928 1159 2983 Job.

819 3034 883 3089 Et
914 3046 1031 3106 post
1059 3037 1190 3093 alia.

285 3145 405 3214 Ipsa
438 3148 622 3203 statim
655 3149 818 3203 verba
840 3189 857 3217 ,
892 3165 955 3204 ex
988 3151 1190 3218 quibus
1223 3141 1465 3221 incipere
1494 3165 1617 3206 eum
1656 3150 1791 3206 dicit

207 3240 587 3308 conscriptor,
625 3256 749 3294 cum
795 3243 1178 3311 pervenissent
1215 3245 1410 3305 amici,
1446 3245 1570 3313 quis
1603 3244 1790 3297 consi-

206 3328 470 3384 deranter
500 3332 682 3385 omnia
713 3331 941 3397 videns,
993 3334 1177 3388 omnia
1230 3335 1316 3389 vel
1362 3335 1586 3396 dicens,
1640 3343 1791 3403 putet

206 3428 308 3472 aut
336 3421 482 3475 dicat
506 3422 639 3491 justi
671 3439 911 3493 unquam
950 3425 1116 3479 menti
1145 3426 1479 3480 convenire?
1506 3424 1789 3479 Maledicta

205 3514 359 3567 enim
391 3522 501 3566 tam
538 3517 707 3569 multa
746 3516 1009 3583 colligere
1045 3518 1231 3571 statim
1265 3518 1332 3571 ab
1365 3517 1552 3580 initio,
1601 3526 1654 3571 et
1697 3532 1786 3570 re-

208 3604 319 3659 bus
366 3620 428 3658 ea
473 3606 757 3675 imponere
798 3624 920 3679 quae
951 3609 1300 3664 maledictum
1348 3610 1630 3679 suscipere
1675 3626 1783 3663 non

206 3703 473 3764 possunt,
510 3697 638 3765 quia
670 3714 769 3753 nec
796 3699 1099 3755 subsistere
1138 3700 1465 3765 creduntur,
1502 3701 1629 3768 quis
1664 3701 1783 3754 exis

208 3788 397 3841 stimet
421 3788 537 3842 viro
565 3791 893 3857 convenire,
924 3792 1017 3860 qui
1048 3806 1171 3845 cum
1214 3798 1365 3844 tanta
1411 3791 1681 3860 sapientia
1733 3800 1788 3846 et

206 3878 415 3932 virtute
451 3887 505 3932 et
539 3881 842 3936 reverentia
874 3896 1028 3936 suam
1066 3881 1235 3934 vitam
1269 3882 1679 3951 gubernasset?

210 4010 282 4062 Et
313 4027 405 4079 per
438 4015 613 4067 omnia
667 4016 951 4077 reprobatis
996 4016 1318 4082 scripturam
1366 4015 1503 4073 Job.
1551 4023 1600 4069 et
1654 4030 1782 4067 con-

287 4086 530 4149 δτι-ἰριονί
563 4085 876 4139 maledicens
921 4085 1095 4155 (idem
1136 4095 1310 4139 autem
1350 4097 1424 4139 est
1454 4085 1626 4138 dicere
1654 4100 1784 4136 san-

283 4162 367 4205 rto
404 4155 634 4236 ﬁniri-tui.
656 4159 697 4225 ),
729 4158 782 4209 in
817 4158 921 4225 [ine
954 4156 1407 4223 interpretationis
1446 4155 1785 4223 blasphemia:

280 4240 391 4277 sua-
422 4230 496 4277 t'ta
529 4230 695 4279 dicit:

279 4345 513 4399 Parvum
564 4349 745 4395 autem
789 4349 843 4395 et
886 4337 1037 4395 istud
1080 4338 1344 4409 ﬂagitium
1394 4338 1462 4393 ad
1506 4338 1607 4392 hoc
1637 4339 1783 4408 quod

208 4440 265 4492 in
301 4440 404 4491 ﬁne
435 4435 670 4505 positum
706 4439 812 4487 est.
847 4430 962 4487 lloc
990 4434 1137 4486 enim
1170 4430 1319 4501 quod
1354 4431 1527 4496 dixit,
1563 4431 1783 4486 tertiam

212 4532 379 4583 tiliam
413 4542 569 4582 suam
601 4524 901 4580 Amaltheae
948 4538 1121 4578 cornu
1161 4540 1284 4579 eum
1336 4539 1598 4588 vocasse,
1647 4523 1785 4578 nihil

213 4620 359 4674 aliud
391 4627 507 4683 est,
538 4632 702 4686 quam
732 4615 1024 4671 ostendere
1070 4631 1197 4670 eum
1244 4616 1530 4685 paganicis
1585 4614 1786 4670 fabulis

208 4709 596 4764 assentientem
619 4743 635 4770 ,
691 4715 745 4759 et
790 4705 1113 4760 idololatriae
1145 4705 1400 4775 ﬁgmenta
1432 4705 1745 4776 diligentem
1769 4744 1783 4768 ,

209 4810 362 4856 certo
392 4799 609 4869 quidem
658 4798 992 4862 constituto,
1037 4798 1186 4868 quod
1231 4814 1331 4853 nec
1375 4798 1519 4853 scire
1563 4797 1785 4867 quidem

207 4894 276 4947 de
305 4891 436 4947 Jove
465 4899 519 4945 et
554 4890 793 4945 Saturno
838 4899 894 4947 et
944 4889 1161 4946 Iunone
1211 4892 1511 4962 paganicas
1561 4890 1781 4943 fabulas

208 4988 425 5051 poterat
450 4978 551 5033 Job
579 4980 770 5034 beatus
789 5020 803 5044 ,
836 4979 1005 5034 homo
1035 4981 1304 5035 barbarus
1333 4990 1389 5035 et
1420 4981 1782 5034 Edomitanus

208 5086 428 5141 genere.
465 5070 623 5136 Quod
656 5070 701 5127 si
733 5078 789 5125 et
819 5071 1022 5135 sciret,
1052 5072 1145 5125 sed
1175 5086 1284 5125 non
1320 5070 1441 5125 ﬁlias
1475 5085 1588 5125 suae
1618 5070 1784 5122 mira-

208 5164 390 5219 biliter
412 5163 677 5218 divinitus
710 5170 951 5226 nam,“
976 5163 1297 5218 idololatria:
1323 5164 1551 5233 paganis
1582 5161 1783 5216 fabulis

207 5270 409 5311 nomen
434 5255 772 5325 imponeret,
802 5255 1069 5310 decorare
1098 5269 1218 5309 eam
1251 5254 1577 5310 existimans
1620 5253 1667 5308 si
1707 5254 1781 5307 ita

206 5349 493 5402 nominata
530 5347 746 5404 fuisset.
781 5346 897 5402 lloc
939 5347 1087 5402 enim
1128 5356 1249 5402 erat
1296 5348 1525 5419 paganis
1576 5345 1777 5400 fabulis

206 5440 608 5498 consentientis
628 5478 643 5503 ,
672 5448 727 5494 et
758 5440 1079 5495 idololatriae
1100 5438 1381 5509 diligentis
1406 5437 1664 5507 ﬁgmenta
1685 5475 1699 5500 ,
1727 5443 1783 5491 et.

208 5535 379 5591 ﬁliam
422 5533 685 5588 decorare
723 5548 817 5602 per
843 5547 905 5587 ca
932 5531 1164 5588 volentis
1185 5570 1199 5593 ,
1232 5538 1286 5586 et
1314 5530 1684 5586 desiderantis
1719 5536 1774 5584 et

1821 2252 1862 2306 Β

1816 3582 1859 3639 C

1894 1016 2020 1054 nem
2051 1013 2177 1053 esse
2212 995 2410 1051 videri.
2447 994 2552 1050 Sed
2586 994 2736 1065 quod
2785 1009 2947 1049 omne
2992 992 3098 1047 hoc
3151 992 3474 1064 ﬁgmentum

1894 1100 1973 1147 est
1996 1127 2011 1155 ,
2043 1088 2300 1143 omnibus
2332 1094 2542 1142 certum
2573 1093 2679 1139 est.

2490 1216 2556 1271 Et
2592 1224 2708 1285 post
2741 1216 2872 1270 alia.

1967 1334 2034 1389 Et
2062 1333 2412 1403 conscriptor
2439 1332 2661 1402 quidem
2693 1328 3160 1392 manifestusvest,
3192 1344 3257 1386 ex
3286 1342 3476 1383 amore

1891 1441 2092 1497 magno
2123 1435 2179 1480 et
2211 1426 2528 1492 importttuo
2560 1422 2691 1477 vani
2722 1422 2951 1477 honoris
2994 1422 3100 1476 hoc
3134 1436 3356 1489 passus.
3402 1418 3476 1475 Ut

1891 1521 2037 1575 enim
2085 1518 2476 1586 semeptipsum
2532 1516 2848 1570 ostenderet
2889 1524 2946 1569 et
2991 1521 3254 1569 extranea
3286 1512 3477 1569 erudi-

1890 1620 2006 1665 tum
2038 1626 2160 1665 esse
2186 1609 2440 1664 doctrina
2460 1648 2476 1673 ,
2504 1616 2559 1663 et
2586 1622 2921 1677 paganorum
2954 1606 3259 1661 fabularum
3292 1608 3476 1662 scien-

1890 1702 2023 1755 tiam
2055 1699 2346 1763 habuisse,
2379 1713 2517 1768 quas
2547 1698 2616 1752 de
2645 1698 2758 1753 illis
2800 1712 2939 1767 quos
2981 1695 3113 1751 deos
3156 1697 3471 1765 putabant,

1893 1792 2078 1847 ﬁrmas
2109 1792 2415 1855 habebant,
2448 1790 2736 1844 minimum
2769 1790 3106 1845 existimavit
3138 1790 3474 1844 nominatio-

1892 1899 2014 1937 nem
2059 1884 2218 1938 istam
2268 1883 2395 1937 inde
2442 1890 2722 1951 acceptam
2768 1880 2919 1951 justo
2960 1881 3272 1949 imponere.
3312 1879 3475 1950 quasi

1891 1990 1988 2044 per
2016 1989 2136 2029 eam
2165 1974 2333 2028 ﬁliam
2363 1988 2518 2028 suam
2546 1972 2798 2028 decorari
2830 1972 3055 2027 volenti.
3087 1971 3221 2025 Mihi
3245 1985 3374 2024 vero
3403 1985 3473 2027 ex

1890 2071 2001 2118 tota
2036 2064 2157 2118 libri
2196 2062 2607 2131 conscriptione
2662 2061 2833 2130 liquet
2884 2062 3318 2131 conscriptorem
3377 2073 3475 2129 pa-

1889 2156 2080 2226 ganica
2109 2155 2339 2210 scientia
2377 2170 2501 2209 esse
2537 2153 2847 2215 eruditum,
2890 2152 2958 2206 ad
2999 2152 3161 2221 cujus
3198 2151 3469 2205 imitatio-

1892 2263 2015 2301 nem
2049 2254 2372 2317 praasentem
2400 2246 2592 2299 volens
2622 2245 2956 2315 scripturam
2990 2257 3343 2313 componere,
3374 2256 3472 2296 no-

1892 2337 2003 2392 cuit
2029 2338 2272 2391 historite
2294 2336 2715 2405 pulchritudini.
2739 2334 2842 2401 Qui
2868 2335 3015 2388 enim
3040 2332 3187 2403 apud
3210 2333 3335 2388 illos
3362 2340 3469 2388 tra-

1892 2428 2108 2498 gmdias
2134 2435 2493 2497 componunt,
2519 2441 2717 2481 causas
2745 2426 2964 2495 quidem
2994 2424 3269 2494 accipiunt
3293 2425 3363 2478 ah
3384 2424 3472 2481 his

1892 2536 2013 2589 qua:
2042 2520 2197 2573 tnulti
2229 2521 2553 2589 loquuntur,
2577 2518 2798 2588 quando
2824 2518 2989 2572 etiam
3017 2531 3138 2572 eam
3172 2516 3473 2586 contigerit

1892 2612 2297 2682 quodammodo
2344 2611 2489 2680 apud
2537 2611 2806 2681 plurimos
2850 2609 3165 2678 opinionem
3214 2608 3469 2663 veritatis

1895 2701 2092 2756 habere
2125 2720 2137 2756 :
2178 2716 2312 2771 pura
2352 2709 2536 2754 autent
2577 2714 2746 2753 causa
2788 2706 3047 2763 utentes,
3097 2711 3255 2751 suam
3292 2706 3472 2753 artem

1892 2799 1946 2843 et
1992 2791 2318 2859 sapientiam
2369 2790 2424 2843 in
2477 2787 2883 2856 compositione
2931 2785 3242 2841 fabularum
3280 2794 3472 2841 osten-

1892 2883 2022 2934 dere
2058 2880 2356 2942 festinant,
2386 2887 2441 2934 et
2474 2893 2737 2947 personas
2771 2877 3191 2931 iutrodncentes
3221 2877 3327 2933 sibi
3366 2877 3476 2948 pla-

1892 2974 2069 3038 citas,
2108 2981 2161 3024 et
2194 2987 2355 3026 voces
2384 2973 2871 3040 circumponentes
2897 2969 2982 3023 eis
3005 3008 3020 3033 ,
3052 2984 3081 3022 a
3122 2969 3328 3038 quibus
3356 2969 3473 3025 cla-

1892 3062 2068 3116 riores
2124 3060 2240 3114 ﬁeri
2289 3061 2636 3114 arbitrantur
2671 3067 2725 3114 ct
2760 3059 3048 3124 decorari,
3088 3068 3146 3113 nt
3188 3069 3243 3115 et
3277 3059 3471 3129 queri-

1893 3153 2133 3206 moniam
2186 3159 2241 3205 et
2291 3152 2510 3206 tandem
2561 3168 2683 3221 qum
2721 3167 2751 3204 a
2792 3151 3017 3220 scriptis
3057 3150 3313 3215 infertur,
3355 3151 3474 3207 sive

1894 3260 1992 3313 per
2028 3244 2400 3304 intellectum,
2437 3244 2556 3298 sive
2587 3258 2685 3312 per
2713 3243 2831 3312 ipsa
2863 3243 3029 3297 verba
3070 3244 3311 3313 scriptor
3341 3258 3473 3313 pec-

1892 3335 2100 3390 eaverit
2120 3376 2136 3399 ,
2166 3352 2278 3390 non
2311 3334 2377 3389 ad
2413 3350 2679 3406 personas
2711 3350 2943 3404 quarum
2975 3336 3140 3390 verba
3172 3335 3471 3405 contingit,

1893 3427 2136 3495 legentes
2182 3426 2462 3493 referant,
2508 3426 2602 3481 sed
2648 3427 2714 3481 ad
2763 3426 2963 3481 fabula:
3008 3426 3467 3496 conscriptorem.

1895 3518 1961 3573 Et
1990 3519 2095 3573 iste
2120 3527 2302 3573 autem
2336 3534 2464 3573 eum
2509 3518 2816 3575 invenisset
2848 3525 2903 3573 et
2947 3518 3015 3573 de
3053 3518 3215 3573 beato
3253 3515 3358 3572 Job
3388 3518 3474 3573 hi-

1893 3610 2121 3665 storiam
2156 3610 2446 3663 maximam
2482 3618 2536 3665 et
2566 3610 2772 3664 claram
2796 3649 2810 3672 ,
2846 3625 2967 3679 quae
3002 3612 3057 3665 in
3093 3626 3190 3666 ore
3223 3611 3471 3665 omnium

1892 3704 2145 3759 similiter
2178 3702 2459 3757 ferebatur
2492 3716 2601 3755 non
2633 3702 2813 3756 solum
2865 3701 3157 3757 lsraelitici
3210 3701 3433 3771 generis
3454 3742 3469 3767 ,

1892 3793 1988 3848 sed
2018 3800 2073 3847 et
2106 3793 2378 3856 aliorum,
2410 3807 2575 3862 quem
2624 3792 2788 3846 etiam
2836 3791 3131 3847 clariorem
3169 3792 3263 3846 Dei
3313 3791 3478 3848 testi-

1894 3882 2147 3936 monium
2187 3881 2425 3936 faciebat
2455 3883 2603 3951 quod
2646 3882 2847 3936 factum
2882 3889 2967 3937 est
3006 3882 3071 3936 ad
3112 3882 3472 3952 prophetam,

1893 3974 2125 4045 gloriam
2171 3990 2239 4028 ex
2276 3975 2655 4046 magnitudine
2694 3988 2879 4029 causae
2919 3976 3110 4030 volens
3143 3975 3429 4045 suscipere
3452 4014 3469 4035 .

1895 4067 2036 4121 hanc
2075 4066 2407 4135 scripturam
2444 4067 2795 4136 composuit,
2838 4080 2948 4120 non
2989 4066 3273 4136 cogitans,
3324 4066 3470 4137 quod

1892 4157 2063 4212 multa
2099 4156 2408 4210 ditl‘erentia
2441 4165 2527 4213 est
2549 4196 2564 4221 ,
2602 4159 2748 4214 inter
2782 4158 3073 4213 historiam
3102 4158 3240 4228 justi
3270 4175 3472 4214 secun-

1890 4245 2020 4299 dum
2050 4246 2246 4300 divinm
2287 4245 2582 4316 Scriptura:
2611 4255 2666 4303 et
2696 4249 3104 4318 simplicitatem
3155 4257 3209 4303 et
3254 4250 3473 4304 subtili-

1892 4346 2059 4394 tatem
2094 4340 2469 4409 pr0positam,
2504 4347 2559 4394 et
2592 4341 2736 4395 inter
2765 4340 2931 4395 verba
2970 4340 3244 4410 superflua
3267 4382 3282 4406 ,
3317 4351 3371 4397 et
3400 4343 3467 4396 ad

1892 4428 2268 4497 probationem
2313 4427 2571 4482 conﬁcta.
2623 4429 2757 4484 Inde
2803 4437 2857 4484 et
2906 4430 3029 4484 illas
3076 4429 3469 4500 plasmationes

1892 4517 2056 4583 fecit,
2104 4514 2159 4570 in
2212 4517 2416 4586 quibus
2467 4526 2746 4571 certamen
2795 4518 2862 4572 ad
2910 4516 3080 4573 Deum
3116 4517 3471 4574 feeitdiabo-

1894 4609 2043 4672 lum,
2100 4618 2155 4661 et
2204 4622 2367 4663 voces
2423 4608 2569 4663 sicut
2619 4608 2793 4661 voluit
2839 4608 3276 4680 circumposuit,
3332 4611 3471 4665 alias

1892 4701 2115 4772 quidem
2147 4701 2333 4769 justo,
2373 4701 2512 4755 alias
2548 4716 2681 4755 vero
2714 4701 2907 4757 amicis
2938 4719 2952 4755 :
2993 4701 3046 4755 in
3081 4702 3284 4771 quibus
3318 4704 3471 4755 voci-

1894 4797 1997 4851 bus
2050 4806 2314 4866 quantum
2379 4796 2714 4865 competenti
2775 4795 3059 4861 excessit,
3116 4794 3327 4850 dictum
3387 4806 3472 4850 est

1893 4886 2058 4940 etiam
2113 4888 2165 4939 in
2199 4887 2598 4956 superioribus.
2634 4886 2792 4939 Illum
2823 4897 3004 4940 autem
3049 4885 3228 4939 Elinm
3270 4887 3322 4940 in
3375 4900 3469 4955 po-

1891 4986 2099 5031 stremo
2147 4976 2454 5031 introduxit
2503 4984 2670 5031 tanta:
2710 4975 2928 5043 injuria:
2981 4976 3139 5044 plena
3189 4975 3468 5031 dicentem

1890 5066 2156 5120 adversus
2184 5066 2431 5135 justum,
2464 5076 2519 5120 et
2552 5066 2604 5119 in
2647 5067 2752 5120 line
2784 5081 3032 5135 personae
3051 5066 3469 5136 magnitudinis

1889 5162 2088 5216 divina:
2126 5170 2339 5216 naturae
2383 5162 2783 5229 circumposuit
2828 5162 2991 5217 talem
3037 5161 3369 5224 dictionem,
3414 5161 3468 5215 in

1889 5268 1996 5322 qua
2028 5268 2138 5307 non
2173 5252 2348 5322 piguit
2380 5252 2545 5307 etiam
2580 5252 2901 5322 ﬁgmentum
2936 5264 3093 5310 cetus
3128 5254 3350 5308 addere.
3390 5251 3467 5305 Ex

1894 5346 1996 5399 hoc
2025 5352 2205 5400 autem
2238 5345 2557 5413 importuno
2589 5344 2710 5398 vani
2745 5345 2987 5407 honoris
3013 5361 3236 5406 amore.
3270 5354 3325 5400 et
3361 5357 3465 5399 no-

1886 5436 2240 5489 minationem
2284 5434 2424 5488 hanc
2462 5451 2531 5490 ex
2573 5434 2776 5493 fabulis
2814 5436 3098 5509 paganicis
3139 5441 3418 5506 arreptam
3442 5473 3456 5497 .

1887 5526 2049 5581 beato
2075 5525 2179 5581 Job
2209 5526 2529 5596 applicavit.

286 5686 366 5759 (Ι)
395 5686 474 5742 Ex
506 5686 737 5744 concilio
772 5685 874 5741 (1P.
914 5701 1076 5757 supra
1111 5688 1347 5755 laudato,
1388 5695 1444 5741 ut
1474 5688 1753 5759 sequentia
1786 5689 1948 5744 etiam
1982 5686 2314 5750 fragmenta.

3490 759 3511 785 ρ

3502 1090 3512 1143 i
