3834 6224
445 223 551 280 ϐω

515 322 1255 345 *m
1261 333 1332 345 ,-

1660 226 2008 284 THEODORI
2044 229 2525 288 MOPSUESTENI

3597 239 3696 294 τευ

474 330 3148 371 mw

1201 483 1324 569 IN
1398 483 2005 574 CANTICUM
2083 483 2914 576 CANTICORUM.

443 747 524 802 Ad
545 747 651 802 lucc
681 747 757 817 (l)
789 747 1396 824 nutemdespornitidem
1431 746 1736 824 Theodorus
1764 754 1819 824 ct
1840 745 2020 824 Cagti-
2047 753 2093 809 Α
2121 756 2382 819 tanquam
2439 749 2817 820 insipientium
2841 789 2857 812 ,
2906 757 2960 806 et
3009 752 3131 808 sine
3176 766 3344 810 causa
3389 754 3690 824 alienigena

513 834 631 870 cum
663 822 1016 878 canticorum.
1038 828 1086 869 et
1113 821 1248 871 sicut
1280 817 1346 870 ad
1373 828 1609 870 amatam
1635 818 1736 871 sibi
1766 817 1875 870 Ita’c
1907 817 2014 872 Sa-

512 891 770 942 lamouem
799 890 1104 955 scripsisse,
1137 890 1289 948 dicit,
1323 888 1549 956 infanda
1583 887 2014 942 Christianorum

511 959 729 1012 auribus
760 958 822 1011 de
848 959 943 1010 hoc
969 973 1252 1025 exponens.
1285 957 1456 1010 Habet
1487 968 1662 1011 autem
1688 959 1763 1011 sic
1790 973 1804 1010 :

511 1049 648 1104 Cum
684 1065 770 1104 me
800 1049 1310 1120 piguissetCantica
1341 1050 1679 1104 canticorum
1714 1049 2011 1119 perlegere,

441 1145 701 1214 quoniam
745 1159 925 1213 neque
985 1144 1284 1198 secundum
1340 1143 1711 1213 pmplieticam
1770 1142 2012 1212 speciem

438 1237 687 1307 exposita
717 1245 882 1299 sunt,
915 1251 1093 1305 neque
1117 1236 1416 1290 secundum
1448 1237 1801 1291 historiarum
1846 1234 2013 1290 tradi-

439 1330 642 1383 tionem
665 1367 680 1391 ,
712 1329 858 1384 sicut
889 1329 1166 1397 scriptura
1202 1343 1492 1398 regnorum
1515 1369 1530 1392 ,
1569 1343 1747 1397 neque
1786 1327 2013 1382 demon-

439 1419 672 1474 strativa
721 1418 1099 1475 admonitione
1139 1420 1307 1474 studii
1355 1429 1604 1483 utuntur,
1658 1416 1845 1473 nescio
1882 1433 2010 1488 quo-

437 1509 601 1565 modo
653 1518 870 1565 tuarum
922 1511 1231 1566 litterarum
1275 1519 1604 1582 praeceptum
1657 1509 1727 1564 de
1777 1509 2008 1564 Cantico

436 1601 774 1655 canticorum
826 1602 1054 1672 exigens
1103 1617 1133 1655 a
1192 1602 1354 1657 nobis
1401 1600 1836 1655 irrecusabiliter
1879 1614 2011 1653 cau-

437 1708 589 1756 sam,
626 1693 756 1750 fecit
789 1710 874 1748 me
904 1695 1051 1748 circa
1093 1710 1215 1749 eum
1251 1693 1658 1764 diligentiorem
1681 1731 1696 1756 ,
1742 1692 2012 1746 violenter

435 1784 682 1853 quidem.
716 1784 780 1838 Et
816 1786 895 1840 sic
929 1801 1030 1839 nec
1059 1786 1204 1839 enim
1233 1785 1477 1848 cessavi,
1507 1791 1562 1836 et
1595 1782 1754 1836 initio
1783 1782 1902 1851 ipso
1932 1783 2010 1835 le-

434 1877 635 1932 ctionis
667 1876 824 1946 quasi
871 1877 1117 1931 studiosa
1149 1875 1436 1930 alacritate
1465 1874 1712 1928 oscitans
1742 1871 2004 1942 frequen-

433 1977 540 2034 tur,
571 1977 623 2022 et
653 1969 986 2034 dormitans,
1021 1969 1162 2024 sicut
1193 1967 1446 2022 convivio
1489 1965 1694 2021 codicis
1739 1964 2000 2034 nuptiali,

432 2071 488 2114 et
517 2063 620 2116 hoc
650 2061 849 2132 regali,
886 2068 1256 2131 percautatus.

922 2149 985 2204 Et
1019 2159 1135 2220 post
1161 2165 1355 2220 pauca.

506 2241 612 2296 Sed
647 2243 728 2296 sic
759 2258 855 2312 per
886 2243 1210 2311 sapientiam
1259 2241 1517 2312 gentibus
1545 2249 1599 2294 et
1629 2238 1834 2294 .Iudaais
1877 2254 2011 2308 pra:-

433 2329 720 2386 dicabilein
767 2341 821 2386 et
855 2332 1156 2386 terribilem
1205 2331 1559 2386 exsistentem
1611 2337 1669 2382 ut
1726 2330 2004 2384 Solertem.

434 2422 591 2480 Unde
623 2435 675 2480 et
705 2441 808 2494 pax
845 2426 892 2479 ci
925 2423 1155 2492 firmior,
1187 2439 1352 2494 quam
1386 2423 1440 2477 in
1471 2423 1841 2478 anterioribus
1875 2431 2009 2476 tem-

433 2517 662 2587 poribus
700 2526 854 2582 erat,
905 2519 1099 2572 timore
1145 2531 1373 2572 summae
1414 2517 1561 2571 circa
1611 2531 1673 2570 ea
1707 2515 2008 2584 prudentiae

442 2608 674 2664 frenatis
736 2610 988 2679 gentibus
1028 2609 1166 2662 bella
1206 2608 1517 2662 amantibus
1545 2648 1560 2670 ,
1621 2607 2004 2678 AEgyptiacum

431 2701 746 2755 convivium
791 2701 960 2763 facit,
1011 2700 1356 2754 Salomonem
1399 2700 1539 2770 apud
1585 2698 1802 2754 Judzeos
1846 2700 2008 2752 vitio-

431 2805 575 2857 sum,
605 2799 864 2862 tanquam
894 2793 1072 2862 legum
1103 2799 1452 2862 paternarum
1499 2793 2003 2862 pravariratorcm,

431 2883 808 2938 abdicantium
865 2884 1199 2953 alienigenas
1257 2884 1514 2952 nuptias,
1577 2892 1630 2937 et
1689 2882 1758 2937 ad
1815 2883 2007 2953 puella:

429 2975 739 3030 convivium
769 2975 968 3030 cecidit
1001 2975 1270 3046 fugiendae
1302 2975 1522 3044 quidem
1559 2975 1723 3027 etiam
1758 2973 1878 3044 ipso
1914 2989 2005 3042 pa-

429 3065 538 3118 trio
565 3064 804 3120 deformi
840 3066 1025 3120 colore
1075 3065 1521 3137 (nocturnorum
1562 3066 1710 3120 enim
1755 3066 2002 3119 colorum

430 3153 700 3226 Egyptus
728 3156 1012 3226 genitrix),
1050 3157 1226 3227 magis
1258 3173 1384 3212 vero
1418 3157 1707 3227 fugiendae,
1741 3157 2002 3227 quoniam

427 3249 520 3317 qui
551 3263 722 3318 genus
761 3247 994 3304 habebat
1035 3265 1101 3302 ex
1141 3249 1311 3304 Cham
1337 3289 1351 3311 ,
1393 3248 1487 3319 qui
1521 3251 1694 3304 haeres
1728 3249 1828 3302 fuit
1861 3249 2004 3302 auti-

428 3352 552 3407 quae
582 3338 979 3393 malidictionis
1012 3337 1158 3404 Noe,
1191 3353 1256 3393 ex
1307 3339 1509 3408 quibus
1559 3354 1757 3407 passus
1781 3346 1864 3392 est
1902 3339 2005 3390 ali-

2115 843 2431 899 vocautium
2466 858 2529 897 ea
2560 859 2680 912 quae
2713 845 2931 913 cognita
2961 853 3111 901 sunt.

2721 955 2788 1012 Et
2814 969 2930 1026 post
2958 961 3091 1013 alia.

2186 1047 2292 1113 Qui
2342 1049 2486 1104 enim
2533 1052 2683 1104 canit
2730 1066 2946 1106 omnem
2991 1052 3393 1113 cantationem,
3442 1066 3500 1106 se
3538 1051 3692 1105 dele-

2114 1147 2260 1193 ctat:
2291 1155 2392 1210 ego
2439 1156 2567 1195 vero
2614 1142 2832 1211 quidem
2877 1156 3018 1196 cano
3048 1144 3381 1213 propositam
3415 1145 3689 1194 cantatio-

2113 1243 2275 1282 nem:
2298 1230 2500 1299 quibus
2530 1245 2660 1286 vero
2683 1245 2846 1294 cano,
2866 1245 2976 1285 non
3006 1247 3128 1286 cum
3157 1233 3265 1286 illis
3294 1247 3378 1285 me
3405 1232 3690 1284 delectans

2113 1334 2284 1374 cano:
2319 1320 2568 1375 nolebam
2597 1321 2742 1376 enim
2774 1336 3016 1375 mearum
3050 1323 3364 1392 nuptiarum
3387 1321 3689 1376 detractio.

2117 1409 2206 1465 nis
2231 1425 2356 1465 esse
2387 1411 2442 1464 in
2469 1412 2667 1466 saecula
2708 1412 3076 1483 conscriptor.
3124 1410 3464 1467 Necessitate
3504 1420 3688 1464 autem

2116 1503 2490 1560 excusationis
2537 1504 2728 1560 volens
2773 1518 3010 1568 canere,
3065 1519 3300 1575 quorum
3353 1521 3463 1558 non
3521 1504 3684 1562 volo.

2113 1593 2482 1649 cantationem
2526 1609 2727 1649 canere
2765 1609 2956 1665 cogor,
2998 1603 3057 1650 ut
3099 1596 3173 1650 sit
3222 1595 3357 1648 mihi
3405 1595 3686 1648 canticum

2115 1698 2283 1752 super
2335 1699 2542 1740 morem
2593 1685 2817 1740 cantici.
2869 1685 3080 1739 Canere
3136 1685 3282 1740 enim
3339 1684 3503 1738 modo
3556 1699 3686 1738 cum

2112 1791 2314 1846 sponsa
2345 1791 2533 1844 cogor,
2569 1791 2693 1846 quae
2737 1775 3052 1846 vituperant
3077 1775 3346 1845 publicam
3377 1773 3689 1830 evcusatio-

2115 1884 2282 1933 nem,
2315 1876 2369 1922 et
2394 1869 2633 1923 clamare
2675 1882 2738 1922 ea
2781 1882 2906 1937 quae
2962 1866 3304 1923 abscondere
3352 1866 3688 1922 nubentibus

2113 1956 2290 2013 decet.
2327 1957 2598 2023 Quoniam
2633 1957 2777 2011 enim
2809 1954 3102 2025 conﬂigere
3145 1970 3247 2011 nos
3269 1953 3689 2025 vituperationi-

2112 2047 2213 2102 hus
2239 2055 2466 2117 putant,
2493 2055 2547 2102 et
2567 2047 3056 2116 reprehensionum
3087 2046 3392 2116 opprobriis
3420 2045 3683 2109 dividere,

2111 2137 2332 2190 audiant
2359 2150 2460 2190 nos
2490 2145 2708 2190 nostros
2742 2136 3022 2205 amplexus
3048 2144 3309 2189 canentes
3337 2134 3567 2188 calidius
3587 2173 3602 2196 ,
3630 2144 3686 2189 et

2109 2226 2437 2296 nuptialium
2476 2234 2792 2279 nostrorum
2832 2234 3238 2295 unguentorum
3274 2225 3514 2294 amplius
3550 2224 3686 2278 odo-

2109 2333 2223 2372 rem
2257 2317 2528 2385 accipiant
2556 2334 2571 2369 :
2615 2316 3027 2371 circumsouent
3062 2315 3298 2369 canticis
3329 2315 3553 2384 tragicis
3588 2330 3686 2370 no-

2109 2419 2350 2465 strorum
2413 2409 2783 2463 osculorum:
2840 2408 3017 2461 clama
3082 2414 3230 2460 tuam
3268 2406 3684 2476 nigritudinem.

2108 2515 2334 2570 sponsa,
2362 2515 2718 2570 purpuream,
2745 2497 3041 2571 gratiosam
3075 2498 3252 2552 clama
3279 2516 3292 2552 :
3328 2507 3480 2550 tuum
3511 2511 3688 2568 genus

2108 2595 2452 2662 vituperatur
2489 2591 2784 2646 laudabilis
2826 2590 3092 2661 originis,
3138 2590 3310 2644 Israel
3349 2589 3683 2659 congentile.

2107 2683 2292 2752 Incipe
2321 2682 2482 2736 initio
2514 2681 2891 2751 responsionis
2923 2681 2988 2735 ad
3017 2695 3149 2736 eos:
3185 2679 3263 2734 Ex
3290 2680 3486 2734 calidis
3518 2693 3688 2733 oscu-

2109 2774 2174 2828 lis
2216 2775 2353 2829 meis
2402 2779 2759 2842 cognoscant.
2805 2772 2950 2842 quod
2995 2772 3282 2826 amatoriis
3327 2769 3683 2826 sermonibus

2107 2864 2410 2920 adinvicem
2445 2863 2709 2928 fruimur;
2743 2864 2964 2918 discant
3001 2862 3373 2932 percutientes
3402 2861 3684 2931 vitupera-

2107 2957 2352 3011 tionibus
2392 2957 2614 3010 tacitam
2651 2956 2917 3011 citharam
2959 2955 3183 3023 nuptias
3222 2960 3524 3017 amantem;
3581 2965 3677 3005 co-

2105 3054 2377 3119 gnoscant
2424 3047 2941 3112 maledictionibus,
2989 3044 3136 3113 quod
3187 3043 3394 3099 saltare
3444 3041 3500 3096 in
3549 3043 3688 3096 meis

2105 3140 2314 3209 nuptiis
2341 3154 2371 3193 a
2401 3139 2562 3194 nobis
2588 3139 2760 3208 putati
2791 3145 2941 3192 sunt.
2972 3135 3090 3190 Non
3118 3133 3446 3190 maledicere
3471 3133 3684 3194 sciant,

2107 3235 2254 3305 quod
2285 3235 2668 3289 excitaverunt
2702 3246 2940 3286 amorem
2976 3235 3322 3284 resonantem
3350 3225 3686 3296 jucundiora

2105 3323 2625 3394 vituperatoribus;
2659 3323 2826 3376 intret
2870 3335 3036 3374 aures
3083 3333 3275 3373 eorum
3320 3331 3545 3370 amarus
3587 3314 3688 3368 ali-

428 3405 559 3499 quid
597 3429 854 3485 Salomon
888 3431 1036 3485 circa
1080 3405 1340 3500 conjugis
1377 3405 1746 3493 deside—rium,
1801 3440 1855 3484 et
1901 3446 2000 3499 op-

2113 3418 2231 3486 quis
2267 3416 2322 3470 in
2353 3415 2522 3470 corde
2554 3413 2816 3468 stimulus
2848 3421 3164 3466 nostrorum
3201 3409 3546 3464 osculoruai.
3581 3405 3687 3460 Sed

427 3520 652 3590 probrio
687 3521 1152 3590 praevaricationis
1183 3521 1434 3576 irritatus
1456 3561 1470 3584 ,
1506 3523 1789 3590 componit
1823 3519 1998 3573 canti-

426 3625 548 3665 eam
595 3613 1042 3673 excusationem,
1094 3620 1154 3666 ut
1202 3613 1412 3681 gratior
1463 3612 1626 3664 etiam
1678 3611 1832 3664 uxori
1885 3611 1996 3672 sit,

427 3703 663 3758 canticis
692 3703 1000 3759 delectatus
1030 3719 1129 3774 pro
1155 3720 1217 3758 ea
1249 3705 1408 3759 factis
1434 3723 1450 3759 :
1479 3714 1534 3759 et
1563 3705 1999 3772 improperantes

430 3795 710 3864 sapienter
761 3795 1074 3864 percussit,
1122 3804 1386 3866 tanquam
1433 3795 1731 3864 conscripti
1775 3809 1999 3849 causam

426 3887 505 3942 illi
547 3887 741 3944 dantes
790 3887 1133 3951 laetitiarum,
1164 3897 1219 3943 et
1261 3904 1370 3943 non
1407 3888 1742 3957 pmnitentiae
1784 3895 2002 3957 propter

427 3979 650 4047 nuptias
679 3986 938 4047 tanquam
971 3993 1190 4048 pravas.
1223 3978 1381 4035 Unde
1411 3981 1480 4033 ab
1507 3979 1714 4034 osculis
1744 3977 1973 4045 nuptiali

428 4068 532 4123 bus
561 4069 743 4122 statim
776 4070 823 4124 ei
855 4078 910 4124 et
938 4070 1152 4123 initium
1184 4078 1264 4124 est
1289 4110 1304 4133 ,
1353 4079 1614 4140 tanquam
1651 4070 1867 4125 sistenti
1900 4085 2001 4123 no-

431 4174 554 4226 vam
599 4168 825 4230 nuptam
873 4162 1268 4215 reclamantem
1316 4162 1798 4231 vituperantibus:
1835 4160 2004 4217 Oscu-

431 4253 568 4306 letur
597 4268 677 4305 me
701 4269 922 4321 sponsus
969 4253 1034 4305 ab
1083 4254 1280 4308 osculis
1327 4255 1435 4307 oris
1486 4269 1601 4322 ejus
1625 4295 1640 4316 ,
1675 4264 1730 4308 et
1759 4261 2001 4307 vestrum

430 4343 564 4396 mihi
593 4359 726 4397 cura
757 4345 904 4398 nulla
934 4345 1289 4414 opprobrium
1323 4346 1665 4400 latrantium.
1710 4345 1774 4398 Et
1805 4346 2000 4399 iterum

432 4433 669 4488 irritatio
698 4435 762 4489 ad
794 4436 1226 4505 vituperationes
1256 4451 1355 4506 pro
1387 4451 1590 4506 sponsa
1619 4451 1717 4490 sua
1749 4437 1999 4490 calidior.

432 4521 606 4593 Nigra
637 4541 750 4577 sum
784 4534 832 4578 et
866 4525 1032 4586 bona,
1069 4526 1198 4594 ﬁlim
1225 4524 1560 4592 Jerusalem,
1590 4527 1727 4581 sicut
1758 4526 2002 4580 taberna-

429 4615 551 4667 cula
581 4613 774 4675 Cedar,
809 4616 945 4668 sicut
976 4614 1129 4685 pellis
1161 4616 1484 4671 Salomonis.
1521 4615 1601 4670 Ne
1629 4616 1760 4670 mihi
1784 4655 1799 4680 ,
1827 4616 1996 4678 dicit,

429 4705 667 4759 colorem
716 4703 783 4758 ad
835 4706 1292 4774 vituperationem
1340 4710 1665 4778 proponite,
1711 4707 1821 4763 nisi
1863 4708 2000 4762 forte

427 4794 593 4849 etiam
625 4795 765 4851 bene
791 4798 1267 4865 compositarum?
1297 4799 1717 4853 aediﬁcationum
1749 4813 1814 4852 ex
1846 4798 2002 4868 nigro
2039 4777 2079 4832 θ

430 4883 607 4953 lapide
632 4884 848 4939 Arabia:
878 4885 1238 4951 miraculum,
1269 4887 1723 4957 vituperationem
1755 4902 1877 4942 esse
1908 4903 2004 4957 puo

429 4974 593 5028 tatis:
619 4989 850 5044 quorum
886 4976 1126 5046 lapidum
1160 4977 1292 5032 mihi
1323 4978 1564 5033 membra
1596 4979 1795 5033 similia
1831 4986 2001 5046 sunt,

428 5065 574 5120 sicut
602 5066 829 5136 quidam
863 5068 1071 5137 lapides
1112 5070 1362 5138 pretiosi.
1395 5071 1643 5124 Caeruleo
1679 5072 1825 5124 enim
1880 5071 2002 5140 ipso

427 5155 666 5223 coloris,
699 5157 845 5227 quod
883 5159 1259 5229 vituperantes
1297 5160 1534 5226 canitis,
1572 5161 1878 5216 similitudo
1917 5170 2000 5218 est

430 5248 622 5302 talium
650 5249 893 5320 lapidum
916 5291 930 5315 ,
959 5259 1013 5306 et
1042 5253 1241 5323 regalis
1270 5269 1549 5323 purpurae,
1581 5261 1637 5308 et
1664 5253 1862 5324 regalis
1893 5268 2002 5306 non

429 5342 772 5411 simpliciter.
806 5345 903 5397 scd
937 5344 1155 5412 qualem
1191 5345 1449 5400 Salomon
1481 5344 1875 5408 circumdatur,
1909 5344 2002 5413 qui

430 5434 556 5504 plus
583 5433 840 5490 omnibus
871 5435 1090 5506 regibus
1112 5445 1434 5492 ornamenta
1461 5447 1628 5491 amat.
1670 5435 1776 5491 Sed
1805 5447 1862 5490 et
1895 5450 2004 5490 cae-

432 5527 538 5582 teri
593 5527 793 5584 cantici
822 5528 1090 5600 expositio
1109 5570 1124 5597 ,
1157 5529 1396 5584 irritatio
1424 5538 1509 5585 est
1538 5529 2003 5600 vituperationum

504 5661 581 5734 (l)
613 5663 692 5719 Ex
732 5663 920 5720 eadem
955 5664 1168 5720 concilo
1202 5665 1487 5722 Constant.

2109 3509 2424 3563 intellectus
2457 3505 2676 3576 quidem
2714 3503 3076 3572 conscriptori
3105 3498 3375 3568 ejusmodi
3417 3508 3541 3561 est,
3579 3497 3676 3549 ha-

2106 3601 2270 3655 bebat
2299 3613 2430 3652 vero
2463 3597 2796 3652 intellectum
2819 3633 2835 3656 ,
2871 3609 2936 3648 eo
2966 3592 3110 3662 quod
3142 3594 3260 3646 sine
3291 3590 3511 3644 nomine
3544 3603 3678 3641 con-

2109 3691 2463 3760 scriptiouem
2495 3687 2661 3753 fecit,
2715 3685 3098 3740 tantummodo
3147 3699 3256 3736 non
3311 3681 3564 3735 clamans
3616 3676 3686 3730 ad

2108 3782 2273 3836 Israel
2295 3823 2310 3846 ,
2337 3780 2483 3852 quod
2516 3795 2626 3834 non
2659 3779 2832 3848 ipsius
2862 3775 3175 3830 Salomonis
3201 3781 3287 3830 est
3314 3771 3685 3841 conscriptor,

2110 3874 2202 3928 sed
2238 3872 2565 3928 necessitate
2597 3867 2985 3924 aemulationis.

2670 3977 2740 4032 Et
2775 3986 2894 4048 post
2929 3991 3122 4046 pauca.

2179 4075 2312 4140 Quae
2357 4072 2542 4126 omnia
2575 4076 2796 4140 oportet
2830 4068 3077 4139 legentes
3114 4063 3314 4120 librum
3349 4061 3682 4134 cogitando,

2111 4181 2212 4220 nec
2253 4167 2319 4219 ad
2358 4161 2712 4233 impudicitia:
2753 4158 3125 4213 hortationem
3165 4163 3361 4226 putare
3393 4169 3519 4209 esse
3554 4169 3690 4209 con-

2111 4255 2467 4323 scriptionem
2501 4247 2920 4320 sapientissimi,
2968 4252 3023 4301 et
3081 4252 3304 4313 propter
3349 4242 3452 4297 hoc
3502 4242 3692 4297 odisse

2112 4345 2332 4416 (qualis
2371 4343 2520 4398 enim
2557 4348 2706 4395 esset
2744 4336 2958 4392 utilitas
2999 4333 3279 4388 Salomoui
3316 4331 3582 4388 festinare
3619 4331 3689 4386 ad

2110 4433 2576 4503 conscriptiouem
2619 4426 3002 4499 impudicitia},
3043 4425 3132 4479 cui
3183 4432 3238 4477 et
3286 4422 3407 4478 sine
3437 4422 3690 4476 conscri-

2111 4527 2299 4596 ptione
2334 4531 2578 4595 potestas
2600 4531 2720 4577 erat
2749 4517 3144 4588 impudicitiae?
3163 4515 3204 4580 l,
3236 4530 3339 4569 nec
3369 4514 3690 4569 collaudare

2111 4616 2360 4670 codicem
2381 4655 2394 4676 ,
2425 4615 2570 4668 sicut
2604 4612 2893 4666 habentem
2927 4607 3269 4678 prophetiam
3323 4606 3686 4660 dictationem

2080 4749 2082 4752 μ
2116 4708 2386 4762 bonorum
2434 4703 2715 4759 Ecclesia).
2760 4700 2817 4755 Si
2855 4700 3001 4756 enim
3029 4698 3404 4768 proplieticam
3454 4696 3684 4766 gratiam

2109 4798 2439 4861 meruisset,
2496 4794 2831 4850 mentionem
2884 4790 3088 4846 alicubi
3143 4789 3240 4843 Dei
3292 4787 3514 4842 fecisset
3583 4785 3684 4855 (in

2110 4891 2258 4946 nulla
2292 4891 2437 4945 enim
2474 4888 2793 4960 prophetica
2829 4888 3109 4956 scriptura
3144 4884 3287 4939 Deus
3322 4899 3432 4937 non
3475 4898 3687 4936 inemo-

2107 4985 2325 5052 ratur),
2356 4982 2450 5037 sed
2485 4982 2630 5037 scire
2671 4980 2871 5036 debent
2911 4993 3134 5040 omnes,
3169 4974 3539 5032 aemulationis
3581 4989 3687 5027 nu-

2107 5073 2294 5144 ptialis
2323 5072 2571 5126 codicem
2614 5069 2860 5125 inensale
2910 5067 3191 5122 canticum
3237 5080 3396 5129 esse,
3448 5064 3595 5119 sicut
3633 5071 3687 5117 et

2107 5163 2176 5219 de
2200 5177 2385 5218 amore
2413 5169 2600 5233 postea
2623 5159 2938 5215 convivium
2963 5158 3122 5213 Plato
3151 5155 3502 5225 conscripsit.
3530 5152 3686 5208 Unde

2109 5267 2210 5307 nec
2242 5251 2468 5316 Iudaeis,
2503 5265 2603 5306 nec
2630 5250 2790 5306 nobis
2819 5249 3037 5321 publica
3065 5247 3231 5304 lectio
3263 5259 3506 5316 unquam
3541 5245 3685 5298 Cau-

2111 5343 2208 5399 tici
2239 5344 2584 5398 canticorum
2618 5340 2764 5398 facta
2795 5351 2915 5406 est,
2947 5349 3212 5411 tanquam
3256 5337 3595 5394 domesticus
3628 5343 3683 5391 et

2112 5435 2380 5506 nuptialis
2437 5432 2752 5490 Salomonis
2811 5431 3083 5489 conviviis
3135 5439 3334 5486 cantus
3386 5428 3682 5500 opprobria

2113 5541 2331 5597 sponsa:
2362 5539 2586 5581 sonans.
