3834 6224
265 306 371 364 τω
1137 312 1643 373 COMMENTARIA
1699 316 1767 373 IN
1806 316 2050 375 NOVUM
2091 316 2634 374 TESTAMENTUM.
3413 314 3518 371 709

490 464 1865 495 W

1287 470 3497 502 Μ

898 634 1704 769 THEODORI
1786 642 2892 772 MOPSUESTENI

463 886 1624 982 COMMENTARIORUM
1707 893 1829 981 ΙΝ
1910 892 2345 985 NOVUM
2418 896 3315 989 TESTAMENTUM

1358 1081 1534 1149 QUAE
1566 1082 1924 1137 REPERIRI
1963 1083 2433 1141 POTUERUNT.

1255 1259 1549 1303 COLLEGIT
1574 1285 1589 1312 ,
1694 1260 2013 1304 DISPOSUIT
2038 1287 2055 1316 ,
2155 1263 2525 1307 EMENDAVIT

928 1420 1280 1514 ΟΤΤο
1330 1423 1915 1515 FRIDOLIN
1944 1425 2076 1514 US
2136 1426 2828 1530 FRITZSCHE,

547 1626 633 1667 ττι.
666 1628 750 1667 υιι.
775 1626 842 1667 ET
878 1626 932 1666 IN
964 1626 1219 1667 Αωυεωλ
1246 1628 1517 1668 Τυκιοεκδι
1559 1631 1606 1667 Ρ.
1636 1630 1684 1668 1⁵.
1716 1629 1794 1679 0.,
1828 1629 2189 1670 Βῐ-ΒΙΔΟΤΗΕΟΕ
2214 1630 2536 1674 ΒΕΙΡυΒωΩίΕ
2557 1632 2732 1674 TURIC.
2753 1633 2807 1673 Π.
2836 1634 2885 1673 Τ.
2920 1628 3229 1674 Ρηηῦτσε

1334 1720 1636 1762 SOCIETATIS
1658 1721 1795 1760 IllS'l‘.
1817 1721 2007 1761 THEOL.
2038 1722 2171 1762 LIPS.
2205 1724 2439 1766 SODALIS.

1122 1862 1350 1928 (Turici,
1394 1872 1595 1928 sumptu
1647 1865 1836 1929 Meyeri
1887 1873 1939 1918 et
1992 1866 2195 1917 Zelleri.
2244 1854 2382 1930 1847,
2420 1866 2471 1919 in
2532 1868 2647 1932 8°.)

1831 2038 1905 2056 —

1551 2200 2222 2296 PREFATIO.

332 2553 474 2620 Cum
500 2562 555 2619 in
585 2564 1072 2634 commentatione,
1106 2580 1270 2636 quam
1304 2574 1433 2623 ante
1461 2567 1565 2623 hos
1594 2566 1851 2623 undecim
1882 2581 2059 2622 annos
2092 2564 2161 2621 de
2194 2563 2467 2619 Theodori
2494 2564 2856 2635 Mopsuesteni
2889 2564 2999 2619 vita
3023 2571 3077 2620 et
3104 2564 3329 2636 scriptis
3358 2562 3496 2620 Hal:

259 2654 411 2713 edidi
444 2657 542 2728 (l),
578 2672 665 2713 me
690 2673 817 2713 mox
847 2674 969 2729 qua:
1003 2666 1281 2715 restarent
1303 2660 1371 2714 de
1408 2659 1702 2716 Theodoro
1727 2660 2137 2731 disputaturum
2170 2657 2568 2728 significarem,
2606 2671 2717 2710 non
2748 2656 2865 2712 fore
2890 2657 3227 2721 existimavi,
3261 2666 3321 2711 ut
3345 2657 3503 2713 fidem

258 2746 447 2802 datam
474 2756 583 2803 tam
613 2749 707 2805 diu
737 2748 999 2807 fallerem.
1031 2751 1136 2807 Sed
1168 2762 1227 2806 ut
1258 2752 1333 2819 fit,
1377 2752 1484 2807 alia
1517 2767 1605 2808 me
1631 2752 1741 2808 alio
1784 2760 2088 2807 traxerunt.
2117 2752 2181 2806 Et
2219 2753 2457 2824 primum
2491 2750 2732 2821 quidem,
2765 2765 2890 2805 cum
2920 2751 3083 2821 paulo
3120 2759 3243 2820 post
3269 2750 3503 2819 patriam

256 2854 387 2893 cum
418 2840 660 2896 Helvetia
688 2854 1137 2909 commutassem,
1161 2846 1286 2900 novi
1315 2848 1557 2902 muneris
1588 2849 1832 2904 rationes
1867 2862 2165 2917 rerumque
2196 2846 2618 2903 vicissitudines
2663 2846 2985 2907 effecerunt,
3024 2854 3086 2899 ut
3131 2845 3201 2899 ad
3240 2846 3346 2898 alia
3378 2843 3493 2898 anio

257 2948 411 2989 mum
442 2938 805 3007 appellerem;
834 2939 1031 2995 deinde
1063 2956 1192 2994 vero
1238 2956 1361 2995 cum
1409 2942 1545 2995 mihi
1590 2942 1867 2997 interdum
1903 2944 2097 3006 otium,
2127 2958 2238 3012 quo
2268 2943 2400 2995 nihil
2442 2949 2526 2995 est
2573 2941 2810 3004 dulcius,
2845 2940 3123 3002 fecissem,
3175 2938 3283 2992 alia
3322 2935 3501 2992 studia

255 3023 499 3078 animum
539 3028 657 3082 sive
701 3038 941 3084 erectum
983 3030 1328 3085 oblectarnnt
1375 3032 1490 3087 sive
1538 3031 1811 3101 dejectuin
1862 3042 2177 3088 erexerunt.
2226 3032 2332 3087 Sed
2371 3032 2506 3085 nihil
2551 3032 2616 3085 ad
2653 3032 2791 3085 alios
2835 3030 3149 3083 domestica:
3199 3044 3331 3083 mea:
3375 3028 3494 3084 sive

252 3113 667 3181 delectationes,
694 3120 809 3175 sive
840 3122 1267 3177 sollicitudines.
1290 3123 1615 3193 Quanquam
1646 3124 1864 3193 seposui
1897 3140 2019 3192 quae
2043 3123 2338 3191 aliquando
2379 3122 2718 3192 depromam.
2750 3120 2830 3175 Ad
2861 3119 3207 3175 Theodorum
3233 3128 3291 3174 ut
3322 3134 3501 3175 rever-

254 3215 364 3272 tar,
393 3225 669 3280 nunquam
701 3214 919 3283 quidem
952 3214 1074 3283 ejus
1111 3230 1340 3284 prorsus
1372 3216 1658 3270 immemor
1692 3215 1793 3277 fui,
1824 3216 1917 3270 sed
1951 3230 2076 3269 cum
2112 3216 2351 3270 viderem
2384 3214 2682 3285 quotannis
2713 3211 2825 3266 fere
2868 3228 3009 3266 nova
3041 3212 3161 3281 ejus
3193 3214 3494 3282 fragmenta

251 3316 322 3356 ex
360 3302 599 3358 tenebris
636 3302 703 3359 ad
735 3305 910 3359 lucem
941 3305 1210 3375 protrahi,
1243 3307 1415 3360 satius
1450 3306 1609 3360 habui
1643 3305 2108 3375 opportunitatem
2150 3303 2455 3360 disserendi
2488 3303 2751 3373 cpperiri.
2795 3300 2949 3355 Nunc
2977 3318 3106 3357 vero
3136 3311 3349 3372 tempus
3379 3318 3500 3359 esse

252 3393 489 3458 credidi,
521 3403 580 3448 ut
614 3397 849 3465 primum
883 3399 1067 3453 omnia
1094 3398 1215 3468 ejus
1250 3397 1578 3468 fragmenta,
1611 3414 1733 3468 qua:
1764 3399 2053 3468 hucusque
2078 3396 2354 3467 publicata
2382 3402 2530 3457 sunt,
2558 3395 2611 3447 in
2641 3409 2808 3447 unum
2840 3394 3166 3463 colligamus
3198 3401 3253 3448 et
3280 3393 3499 3463 digera.

252 3502 399 3544 mus.
425 3488 550 3544 llaec
578 3492 726 3546 enim
758 3500 1121 3562 praeterquam
1148 3494 1294 3564 quod
1325 3492 1725 3549 diversissimis
1756 3495 1809 3547 in
1846 3494 2023 3560 libris,
2052 3508 2283 3563 quorum
2314 3492 2495 3547 aditus
2520 3506 2629 3545 non
2667 3491 2854 3544 multis
2901 3500 3046 3560 patet
3075 3492 3352 3561 leguntur,
3382 3490 3497 3545 fieri

250 3582 329 3636 ita
369 3584 587 3652 poterit,
620 3593 679 3638 ut
707 3595 761 3640 et
792 3585 1115 3644 adulterinis
1145 3587 1380 3658 genuina
1413 3587 1631 3643 facilius
1676 3588 2058 3643 discernamus
2091 3595 2146 3642 et
2192 3602 2316 3640 cum
2358 3601 2467 3639 uno
2492 3585 2649 3654 quasi
2690 3592 2880 3637 tenore
2911 3585 3097 3636 animo
3128 3598 3191 3637 ea
3225 3582 3481 3653 persequi

251 3677 534 3742 possimus
555 3676 733 3744 qualis
763 3675 1087 3733 Theodorus
1106 3678 1335 3748 ejusque
1362 3694 1515 3733 mens
1550 3678 1714 3732 fuerit
1750 3680 2063 3734 accuratius
2097 3677 2437 3748 indagemus.
2457 3675 2694 3731 Omnino
2717 3674 2861 3744 quod
2896 3675 3214 3744 praeteriens
3241 3689 3473 3728 moneo:

250 3782 360 3820 non
385 3781 507 3821 eam
544 3766 830 3839 hucusque
867 3785 1030 3840 quam
1063 3771 1307 3841 Oportuit
1339 3772 1443 3825 viri
1474 3769 1617 3825 docti
1651 3770 1706 3824 in
1734 3785 1923 3825 eorum
1963 3770 2297 3840 scriptorum
2335 3768 2859 3833 ecclesiasticorum,
2894 3783 3128 3836 quorum
3157 3768 3277 3823 libri
3308 3768 3487 3823 maxi-

249 3873 394 3912 mam
431 3868 637 3930 partem
666 3864 971 3933 perierunt,
1015 3864 1343 3936 fragmentis
1383 3864 1706 3935 colligendis
1745 3880 1969 3934 operam
2014 3866 2420 3936 impenderunt.
2451 3863 2550 3919 Cui
2586 3866 2661 3921 rei
2699 3865 2744 3918 si
2786 3864 2963 3933 magis
2997 3864 3330 3928 vacaverint,
3362 3863 3493 3917 milii

248 3955 456 4010 credite
486 3958 672 4027 plures
698 3974 887 4014 eorum
914 3962 1070 4030 quasi
1099 3976 1165 4016 ex
1185 3962 1415 4017 mortuis
1446 3961 1948 4022 resuscitabuntur.
1974 3976 2152 4031 neque
2180 3961 2356 4014 solum
2391 3961 2620 4015 historia
2648 3959 2934 4025 litteraria,
2956 3974 3144 4014 verum
3182 3958 3299 4028 ipsa
3328 3957 3492 4012 etiam

250 4044 482 4102 historia
506 4050 878 4106 ecclesiastica
908 4067 1159 4122 magnam
1195 4053 1323 4108 inde
1356 4053 1624 4123 percipiet
1658 4054 1977 4108 utilitatem.

318 4133 433 4190 Hoc
465 4137 630 4207 igitur
658 4140 797 4196 libro
846 4140 1119 4197 Theodori
1168 4144 1689 4198 commentariorum
1732 4144 1785 4197 in
1828 4143 2036 4197 Novum
2077 4141 2491 4198 Testamentum
2542 4143 2803 4212 reliquias
2853 4143 3244 4212 comprehendi
3283 4149 3491 4197 etcum

244 4224 294 4282 J.
320 4228 382 4283 C.
414 4230 687 4299 Orellius,
719 4234 926 4306 collega
956 4242 1010 4293 et
1052 4238 1263 4293 amicus
1296 4239 1585 4309 egregius,
1616 4244 1939 4308 potestatem
1978 4238 2111 4291 mihi
2147 4238 2367 4293 fecisset
2396 4237 2563 4293 indici
2597 4237 2891 4292 lectionum
2924 4251 3021 4305 per
3054 4246 3318 4291 semestre
3346 4236 3491 4304 quod

247 4318 417 4376 instat
454 4323 746 4379 hibernum
802 4327 856 4381 in
904 4337 1093 4383 nostra
1136 4330 1416 4385 academia
1468 4329 1846 4385 habendarum
1898 4329 2262 4399 przeludendi,
2291 4330 2396 4384 hac
2437 4330 2728 4384 occasione
2769 4343 2902 4383 usus
2942 4342 3061 4381 sum
3109 4324 3382 4379 Theodori
3420 4325 3490 4380 De

249 4406 629 4468 lnam-natione
653 4413 783 4468 Filii
812 4416 909 4470 Dei
945 4418 1207 4473 librorum
1246 4434 1368 4489 quae
1407 4425 1708 4488 supersunt
1753 4418 1980 4474 collecta
2010 4428 2065 4474 et
2096 4420 2383 4476 emendata
2415 4420 2695 4483 exhibere,
2740 4420 2833 4488 qui
2878 4418 3099 4473 libellus
3126 4415 3311 4470 Turici
3344 4418 3487 4486 typis

244 4496 435 4556 Orellii
486 4502 727 4560 Fusslini
762 4514 816 4560 et
858 4508 1133 4564 sociorum
1168 4511 1202 4563 4
1234 4511 1537 4581 impressus
1565 4520 1668 4571 est.
1704 4510 1836 4576 Quae
1870 4518 2080 4564 restant
2124 4510 2397 4567 Theodori
2436 4511 2739 4580 fragmenta
2778 4508 3089 4580 dogmatica
3140 4517 3195 4563 et
3226 4508 3279 4561 in
3318 4506 3485 4562 Vetus

245 4596 653 4655 Testamentum
694 4604 969 4672 exegetica
992 4612 1106 4660 tum
1133 4608 1289 4660 edam
1319 4621 1443 4662 cum
1466 4607 1569 4662 hoc
1599 4606 1841 4661 virorum
1874 4606 2162 4660 doctorum
2195 4608 2464 4662 interesse
2493 4620 2834 4673 cognovero.

317 4690 392 4745 De
422 4691 587 4760 hujus
629 4692 754 4747 libri
778 4694 1029 4749 instituto
1061 4697 1249 4765 paucis
1278 4696 1500 4767 defungi
1540 4696 1687 4750 licet.
1726 4693 1861 4748 Nam
1901 4710 2026 4750 cum
2069 4710 2177 4749 non
2216 4694 2267 4747 id
2304 4709 2562 4764 agerem,
2603 4700 2661 4746 ut
2702 4690 3052 4745 Theodorum
3118 4690 3483 4759 explicarem,

244 4779 341 4836 sed
372 4789 432 4835 ut
455 4782 578 4852 ejus
617 4783 780 4838 verba
819 4784 1106 4839 emendata
1157 4787 1468 4842 exhiberem
1495 4826 1509 4848 ,
1554 4799 1682 4839 raro
1737 4793 1897 4839 notas
1948 4784 2163 4852 subjeci
2203 4792 2261 4838 et
2297 4781 2410 4837 fere
2448 4782 2615 4836 verbo
2656 4789 2871 4834 tantum
2914 4778 3220 4849 significavi
3264 4778 3309 4832 si
3351 4777 3482 4848 quid

244 4871 364 4926 sive
387 4886 483 4940 per
513 4872 715 4941 lingua:
741 4871 857 4926 sive
893 4887 987 4941 per
1026 4873 1165 4928 alias
1206 4874 1449 4929 rationes
1478 4874 1720 4928 notabile
1752 4872 1882 4927 inihi
1920 4887 2043 4928 esse
2093 4872 2394 4927 videretur.
2437 4870 2494 4924 ln
2531 4878 2682 4925 textu
2731 4866 3077 4923 emendando
3113 4883 3220 4921 non
3255 4868 3482 4922 audacia

242 4972 299 5017 et
335 4963 385 5015 vi
422 4972 710 5031 grassatus
746 4979 903 5027 sum,
942 4964 1038 5019 sed
1068 4980 1231 5035 quam
1271 4965 1387 5020 fieri
1411 4966 1589 5036 potuit
1624 4965 1860 5020 maxime
1886 4964 2095 5020 codicis
2121 4964 2345 5034 vestigia
2380 4962 2507 5034 legi.
2552 4960 2681 5015 Seio
2721 4967 3041 5015 catenarum
3090 4968 3305 5012 textum
3362 4960 3478 5028 ple-

244 5068 480 5122 rumque
507 5053 801 5109 admodum
834 5070 958 5109 esse
1004 5054 1255 5110 vitiatum
1290 5064 1344 5110 et
1374 5064 1693 5126 corruptum
1715 5094 1731 5121 ,
1775 5055 1880 5109 alia
1908 5070 2032 5110 esse
2061 5055 2301 5121 omissa,
2367 5053 2548 5107 alieno
2582 5052 2701 5106 loco
2734 5052 2912 5121 posita
2950 5052 3087 5115 alia,
3115 5049 3351 5119 denique
3413 5051 3478 5104 li-

242 5154 433 5202 center
459 5148 637 5218 egisse
675 5160 967 5215 auctores;
996 5158 1370 5207 verumtamen
1399 5153 1445 5206 si
1471 5154 1595 5222 quis
1627 5152 1729 5207 hac
1762 5167 1821 5206 re
1851 5152 2009 5207 nisus
2050 5151 2222 5206 libros
2253 5150 2494 5220 scriptos
2526 5150 2710 5204 minus
2745 5148 3047 5214 curaverit,
3082 5146 3129 5201 is
3176 5156 3235 5201 ut
3294 5146 3469 5202 multa

242 5233 532 5305 ingeniose
554 5277 569 5302 ,
606 5237 673 5291 ad
706 5238 995 5294 veritatem
1030 5254 1202 5309 pauca
1233 5240 1554 5310 disputabit.
1598 5240 1707 5297 Sed
1741 5240 1887 5296 haud
1920 5255 2047 5296 raro
2073 5240 2175 5296 levi
2203 5237 2989 5311 mutationeinterpunctionis
3023 5236 3108 5292 vel
3145 5244 3475 5291 accentuum

240 5326 494 5396 genuina:
532 5328 797 5387 lectiones
837 5333 1056 5387 restitui
1095 5342 1371 5402 poterant.

311 5511 605 5585 Reliquum
633 5528 717 5572 est
739 5557 755 5582 ,
792 5526 851 5572 ut
883 5521 1238 5578 quaestionem
1274 5521 1643 5591 perdifficilem
1691 5524 1760 5581 de
1784 5523 2071 5582 Theodoro
2108 5521 2376 5579 monacho
2414 5522 2604 5593 paucis
2638 5520 2922 5592 attingam.
2958 5517 3146 5575 Codex
3200 5517 3447 5573 Crameri

312 5692 389 5763 (Ι)
417 5694 603 5750 Exstat
638 5694 794 5751 initio
819 5694 979 5760 huius
1003 5696 1315 5752 voluminis.
