3834 6224
346 207 454 268 705
1541 205 1889 264 TIIEODORI
1927 207 2410 268 LIOI’SUESTENI
3524 211 3564 266 7

349 329 686 388 Bodleianus
709 347 836 388 cum
867 341 1114 388 catenam
1159 332 1212 386 in
1247 330 1552 402 Epistolam
1584 330 1652 384 ad
1689 329 1970 386 Romanos
2002 331 2386 387 tantummodo
2421 347 2596 404 usque
2655 333 2723 388 ad
2790 341 2956 404 caput
3013 347 3220 388 nonum
3272 331 3647 398 contineret,

349 426 580 481 Cramer
609 443 639 480 e
671 427 865 484 codice
894 426 1208 481 Monacensi
1233 466 1250 492 ,
1276 427 1342 480 de
1371 441 1482 496 quo
1517 441 1568 478 ν.
1608 425 1822 480 Reiser.
1870 425 2051 481 Catal.
2087 425 2314 497 tlteoloq.
2340 467 2354 490 ,
2393 443 2448 498 p.
2485 429 2518 482 9
2543 468 2558 492 ,
2607 427 3052 498 supplementum
3094 426 3236 482 satis
3267 425 3524 496 amplum
3575 439 3646 495 p.

356 517 458 570 165
487 533 563 572 ss.
601 517 819 587 adjecit.
858 516 909 573 Is
941 518 1114 574 codex
1146 517 1370 572 XXXIX
1402 517 1708 588 fragmenta
1744 517 2038 572 Theodoro
2067 524 2340 574 monacho
2376 521 2667 576 adscribit.
2718 519 2922 574 IIorum
2959 519 3226 584 sedecim,
3259 517 3403 574 adde
3441 530 3649 571 unum

352 606 698 664 Theodoreto
731 610 998 664 tributum
1025 653 1041 677 ,
1095 611 1202 666 fide
1237 611 1494 666 codicum
1547 609 1827 665 Bodleiani
1859 620 1915 666 et
1949 610 2230 677 Vaticani,
2269 629 2436 682 quam
2469 615 2609 668 male
2643 613 2968 673 addubites.
3020 610 3396 684 Mopsuesteni
3449 617 3644 675 sunt,

352 699 463 753 duo
493 699 826 755 Theodoreti
861 718 953 772 pp.
983 702 1124 767 416,
1152 702 1285 769 469;
1328 719 1378 759 v.
1409 703 1480 772 ej.
1512 701 1614 773 0p.
1647 703 1737 758 ed.
1782 703 1928 768 Hal.,
1962 705 2054 770 111,
2091 721 2183 776 pp.
2225 705 2351 769 I25,
2386 706 2510 771 159,
2550 718 2792 776 quatuor
2827 721 2878 760 c.
2906 705 3117 761 Bodlei.
3152 703 3396 759 Diodoro
3433 703 3647 771 assig-

361 801 516 856 nant,
559 809 648 864 pp.
688 794 811 859 188,
842 797 966 859 139,
1009 796 1138 861 226,
1167 797 1314 865 252;
1347 796 1422 852 cf.
1455 813 1549 867 pp.
1580 798 1704 857 105.
1742 799 1867 865 114,

2132 801 2172 855 0
2201 807 2256 854 01
2282 815 2456 854 unum
2495 817 2556 872 p.
2590 800 2698 856 212
2721 800 2983 854 convenit
3021 814 3087 854 ex
3141 805 3295 868 parte
3323 811 3455 852 cum
3512 795 3646 849 fra-

354 886 594 958 gmentis
630 888 685 942 in
721 904 772 944 c.
808 885 969 945 Bodl.
1010 908 1063 962 p.
1108 893 1211 947 119
1253 909 1300 949 s.
1333 892 1575 950 Diodoro
1601 895 1845 959 tributis,
1895 895 1970 948 ita
2015 910 2148 950 vero
2185 902 2245 950 ut
2275 903 2594 952 catenarmu
2627 902 2884 951 auctores
2909 894 3102 950 eodem
3147 893 3294 948 fonte
3325 906 3463 946 usos
3497 903 3647 945 esse

354 986 638 1048 appareat.
670 981 826 1036 Addo
858 984 1009 1053 quod
1036 984 1180 1040 idem
1211 986 1388 1040 codex
1425 1003 1478 1056 p.
1517 987 1622 1041 I23
1643 1002 1690 1042 s.
1729 986 2001 1041 Diodorea
2034 987 2196 1050 dicit,
2228 1003 2347 1057 quae
2379 1004 2470 1058 pp.
2505 987 2644 1051 2l9.
2675 987 2809 1050 220,
2872 986 3172 1042 Severiano
3234 997 3289 1039 et
3321 981 3644 1037 'l'heodoro

360 1069 779 1130 adscribuntur.
811 1073 1044 1132 Restant
1101 1079 1342 1134 sedecim
1383 1079 1693 1150 fragmenta
1720 1096 1814 1150 pp.
1843 1084 1862 1133 1

2124 1095 2127 1124 ι
2153 1119 2168 1144 ,
2194 1081 2301 1136 265
2321 1121 2336 1142 ,
2371 1081 2503 1146 265,
2539 1081 2665 1146 52L
2691 1081 2817 1143 528,
2843 1082 2971 1144 7181,
3001 1081 3129 1141 587,
3159 1078 3286 1142 592,
3315 1078 3423 1132 ⁸595
3442 1116 3458 1139 ,
3489 1075 3638 1140 597,

354 1163 460 1218 4111
480 1207 494 1228 ,
527 1166 633 1220 414
657 1208 672 1231 ,
696 1168 808 1222 417
833 1209 848 1235 ,
885 1171 1022 1236 477,
1054 1171 1160 1228 508
1179 1211 1195 1234 ,
1218 1187 1340 1242 quae
1368 1173 1500 1243 quin
1532 1172 1808 1228 Theodori
1847 1188 1868 1227 a

2127 1175 2254 1238 mhi,
2285 1182 2379 1228 aut
2412 1173 2783 1244 Mopsuestcni
2810 1215 2825 1238 ,
2857 1182 2952 1228 aut
2987 1172 3206 1226 Diodori
3231 1171 3343 1225 sint
3372 1184 3487 1222 non
3535 1174 3641 1220 est

353 1257 500 1324 quod
533 1257 774 1316 dubites.
815 1262 963 1317 Idem
997 1264 1140 1318 valet
1164 1264 1232 1320 de
1261 1275 1387 1320 octo
1413 1266 1642 1321 scholiis
1682 1282 1804 1335 quae
1837 1265 2129 1322 Theodoro
2189 1269 2541 1332 tribuuntur,
2573 1283 2624 1320 v.
2663 1284 2717 1337 p.
2755 1267 2882 1322 558.
2943 1264 3095 1333 (Ilaec
3155 1264 3222 1318 iis
3281 1265 3640 1330 repugnant,

353 1366 476 1421 quae
504 1353 569 1407 ad
600 1356 848 1410 eumdem
879 1358 913 1414 I.
953 1357 986 1412 9
1010 1360 1116 1424 .25
1139 1375 1190 1414 c.
1224 1359 1404 1415 Vatic.
1435 1359 1788 1417 Theodorum
1815 1361 1990 1433 Mops.
2021 1363 2398 1433 disputantem
2429 1362 2563 1416 facit
2595 1378 2646 1415 v.
2679 1361 2825 1415 infra
2863 1377 2917 1432 p.
2947 1361 3016 1412 5'5
3047 1359 3121 1426 s.)
3144 1356 3281 1419 559,
3306 1355 3405 1408 411
3434 1394 3450 1415 ,
3487 1349 3636 1416 481,

355 1441 460 1496 509
485 1483 500 1506 ,
531 1442 636 1498 516
659 1485 671 1510 ,
697 1447 801 1502 518
823 1491 838 1515 ,
866 1448 990 1503 526.
1023 1449 1160 1516 Quis
1186 1451 1382 1504 horum
1412 1452 1526 1504 haec
1577 1453 1867 1521 scripserit
1903 1467 1970 1507 ex
2009 1451 2194 1508 indole
2229 1452 2662 1524 fragmentorum
2695 1467 2838 1519 aegre
2896 1450 3125 1512 ellicias,
3160 1461 3285 1501 cum
3347 1445 3400 1498 hi
3434 1443 3636 1496 inter-

355 1543 540 1604 pretes
569 1538 711 1593 inter
731 1557 791 1596 se
826 1541 1120 1598 admodum
1155 1544 1363 1600 similes
1387 1543 1610 1598 fuerint.
1636 1543 1768 1610 Quae
1797 1559 1920 1599 cum
1951 1545 2027 1599 ita
2082 1546 2195 1600 sint
2232 1554 2437 1601 temere
2465 1546 2648 1616 egisse
2698 1542 2832 1597 mihi
2863 1542 3083 1596 viderer
3113 1540 3159 1594 si
3212 1539 3328 1592 haec
3379 1537 3434 1588 in
3471 1535 3637 1588 hunc

358 1629 558 1685 librum
588 1634 939 1704 recepissem,
971 1637 1092 1694 imo
1130 1646 1559 1713 exspecrandum
1603 1647 1952 1712 existimavi,
1989 1647 2167 1703 donec
2204 1647 2458 1702 codicum
2508 1646 2643 1702 fides
2692 1645 2844 1699 hunc
2904 1642 3110 1697 nodum
3167 1637 3477 1708 expediret.
3553 1635 3635 1686 At

355 1737 486 1778 vero
533 1736 744 1795 quaerat
773 1730 1046 1800 quiSpiam
1087 1733 1211 1804 quis
1247 1735 1413 1791 fuerit
1457 1740 1547 1796 ille
1577 1739 1901 1796 Theodorus
1934 1740 2097 1796 modo
2123 1742 2426 1796 monachus
2468 1748 2523 1797 et
2558 1740 2858 1810 presbyter,
2895 1737 3055 1790 modo
3089 1731 3414 1791 monachus,
3450 1726 3634 1781 modo

356 1819 642 1890 presbyter
678 1823 880 1890 dictus,
912 1828 1006 1896 qui
1036 1828 1089 1883 in
1119 1832 1327 1887 catenis
1357 1849 1501 1904 saepe
1531 1845 1887 1891 memoratur.
1921 1835 2001 1889 Ad
2031 1853 2193 1907 quam
2223 1838 2584 1907 qmestionetn
2617 1851 2684 1890 ne
2714 1849 2863 1889 nunc
2889 1832 3109 1903 quidem
3141 1830 3221 1899 (ν.
3256 1830 3629 1881 commentat.

357 1915 564 1986 meam)
596 1917 770 1974 habeo
790 1922 934 1991 quod
966 1925 1347 1993 respondeam.
1367 1930 1562 1984 Plures
1583 1933 1730 1986 viros
1758 1931 1829 1985 ita
1861 1933 2161 2001 appellatos
2191 1931 2361 1988 fuisse
2391 1934 2618 1997 scimus,
2649 1947 2703 1985 v.
2726 1927 2964 1981 Fabricii
2987 1924 3122 1979 Bibl.
3149 1922 3266 1986 Gr.,
3298 1918 3392 1974 sed
3417 1918 3628 1971 horum

355 2022 683 2078 quemquam
708 2011 1002 2082 Scriptura:
1029 2031 1198 2072 sacrm
1227 2018 1580 2090 interpretem
1613 2023 1884 2078 claruisse
1912 2024 2186 2078 memoriae
2215 2039 2322 2078 non
2356 2031 2440 2078 est
2470 2023 2768 2092 proditum.
2799 2018 3004 2075 Deinde
3028 2033 3093 2072 ex
3125 2013 3444 2085 fragmentis
3482 2008 3628 2078 ipsis

355 2103 642 2174 hucusque
675 2106 958 2177 impressis
989 2127 1058 2167 ne
1097 2114 1412 2184 conjectura
1448 2117 1665 2186 quidem
1695 2119 2032 2186 assequeris,
2084 2118 2264 2188 qualis
2305 2117 2469 2172 fuerit
2515 2126 2570 2170 et
2607 2131 2715 2185 quo
2750 2122 2993 2184 tempore
3029 2109 3248 2164 vixerit.
3287 2106 3625 2174 Quanquam

353 2195 598 2251 virorum
629 2198 796 2270 hujus
823 2203 1082 2270 nominis,
1109 2205 1165 2260 in
1195 2223 1334 2278 quos
1365 2210 1552 2276 incidi,
1586 2210 1675 2264 hic
1706 2226 1849 2265 unus
1877 2213 2254 2266 tantummodo
2279 2210 2490 2265 videtur
2520 2210 2574 2263 in
2605 2224 2832 2264 censum
2865 2206 3050 2261 venire
3076 2217 3259 2276 posse,
3290 2197 3626 2253 Theodorus

353 2288 778 2360 Alexandrinus,
821 2300 1146 2366 monachus,
1193 2303 1289 2372 qui
1321 2302 1632 2360 Severianis
1667 2315 1784 2361 erat
1832 2307 2107 2363 addictus.
2143 2307 2350 2361 Claruit
2387 2307 2490 2360 sub
2521 2305 2706 2360 smculi
2749 2305 2888 2358 sexti
2931 2303 3103 2357 initio.
3140 2299 3284 2352 Dixit
3319 2297 3387 2352 de
3419 2311 3487 2351 eo
3513 2292 3625 2346 Fa-

352 2381 518 2438 cund.
556 2383 613 2451 2,
647 2387 724 2449 5.,
757 2388 878 2458 ejus
902 2391 1071 2448 libros
1095 2402 1288 2450 contra
1323 2395 1688 2452 Themistium
1719 2400 2046 2455 memoravit
2075 2399 2306 2455 Photius
2337 2399 2473 2453 Bibl.
2502 2414 2552 2454 c.
2579 2398 2718 2466 108;
2753 2397 2976 2452 omnino
3009 2413 3059 2450 v.
3086 2390 3325 2447 Fabricii
3354 2389 3496 2442 Bibl.
3519 2386 3622 2441 Gr.

351 2477 442 2533 ed.
464 2476 616 2535 IIarl.
643 2482 821 2554 X,pp.
850 2485 974 2553 572,
1006 2489 1125 2544 7l0.
1149 2491 1225 2546 Ne
1257 2493 1448 2563 plura;
1484 2496 1796 2566 disquirant
1822 2498 1914 2552 alii
1941 2513 2030 2553 me
2055 2497 2334 2554 doctiores
2358 2497 2425 2551 de
2455 2496 2576 2550 viro
2605 2496 2722 2559 illo,
2757 2495 2851 2564 qui
2881 2493 3002 2548 sine
3035 2491 3147 2545 ulla
3177 2485 3522 2544 dubitatione
3549 2483 3624 2538 de

353 2567 766 2660 interpretanda
803 2574 1088 2649 Scriptura
1117 2598 1276 2639 sacra
1304 2585 1444 2642 bene
1475 2588 1693 2642 meruit.
1723 2587 2049 2659 Fragmenta
2083 2589 2203 2658 ejus
2246 2589 2505 2660 leguntur
2539 2589 2593 2643 in
2639 2589 2848 2642 catenis
2883 2585 2936 2638 in
2979 2581 3291 2636 Matthaeum
3319 2593 3350 2631 a
3380 2577 3622 2632 Possino

353 2666 423 2750 et
446 2659 706 2718 Cramero
740 2667 925 2734 editis,
960 2672 1047 2725 illa
1076 2676 1317 2732 continuet
1349 2677 1452 2731 tria
1483 2678 1523 2733 I.
1551 2694 1640 2749 pp.
1658 2680 1749 2745 35,
1770 2682 1860 2747 113,

2103 2695 2166 2735 00
2187 2659 2506 2750 quindecim
2546 2695 2636 2749 pp.
2669 2679 2758 2743 15,
2788 2677 2879 2742 53,
2907 2675 3000 2740 at,
3027 2673 3116 2737 57,
3149 2671 3241 2733 59,
3269 2670 3361 2733 ts,
3390 2667 3484 2728 5t,
3518 2664 3613 2728 56,

357 2747 446 2815 75,
478 2751 568 2816 78,
602 2752 688 2822 79,
718 2756 809 2825 87,
839 2759 930 2824 ss,
974 2763 1093 2827 tas,
1139 2765 1265 2821 sta.
1314 2747 1564 2839 Denique
1587 2747 1711 2826 eod.
1740 2771 1867 2827 Cois

2105 2787 2152 2827 a3
2195 2747 2250 2826 in
2286 2772 2418 2826 Acta
2459 2747 2836 2842 apostolorum
2871 2783 2899 2821 a
2939 2765 2989 2820 J.
3020 2767 3082 2818 A.
3113 2764 3376 2819 Cramero
3416 2755 3619 2814 Oxonii

529 2844 688 2902 editae
715 2849 826 2904 duo
855 2851 1156 2924 fragmenta
1184 2859 1374 2915 tribuit
1403 2859 1692 2917 Theodoro
1715 2877 1871 2917 mona

2098 2863 2410 2935 presbytero
2429 2879 2516 2934 pp.
2535 2864 2624 2922 53.
2644 2861 2770 2926 227,
2802 2861 2874 2914 cl.
2901 2875 2992 2930 pp.
3019 2856 3144 2922 427,
3180 2853 3309 2918 458,
3340 2867 3462 2923 quae
3487 2851 3612 2906 cod.

357 2933 494 2993 Nov.
525 2937 729 3011 Colleg.
761 2941 1052 3002 Theodoro
1082 2949 1376 3022 Ancyrano
1413 2955 1677 3024 assignat.
1710 2954 1822 3010 lloc
1854 2955 1898 3011 si
1933 2933 2143 3020 verum,
2181 2933 2312 3012 sane
2341 2933 2595 3011 Theodoti
2625 2951 2974 3008 scribendum
3002 2957 3111 3016 est,
3143 2960 3454 3020 quanquam
3480 2941 3620 2999 illud

358 3031 498 3090 mire
531 3035 751 3103 cecidit,
780 3041 926 3109 quod
958 3043 1012 3098 in
1051 3045 1225 3102 altero
1249 3049 1439 3104 codice
1471 3059 1702 3121 utroque
1737 3049 1858 3106 loco
1888 3050 2152 3106 Theodori
2181 3051 2312 3105 Anc.
2341 3057 2622 3107 exaratum
2649 3059 2751 3105 est.

468 3165 784 3228 Scribebam
815 3172 999 3233 Turici
1033 3178 1152 3235 Kal.
1186 3179 1492 3254 Septembr.
1532 3201 1582 3238 a.
1615 3185 2054 3242 MDCCCXLVII.

2953 3301 3017 3358 Ο.
3049 3299 3107 3358 F.
3142 3294 3506 3355 FRITSCIIE.

371 3505 3601 3551 Ἥξει-ππ

1192 3687 1827 3778 THEODORI
1949 3690 2793 3781 MOPSUESTENI

799 3889 883 3949 IN
911 3888 1441 3952 EVANGELIUM
1499 3889 1891 3950 ΜΑΤΤΗᾹΞΙ
1929 3888 2493 3953 COMMENTABII
2540 3891 3035 3954 FRAGMENTA
3069 3893 3174 3970 (1),

437 4251 518 4325 (2)
566 4253 852 4309 Matthaeus
905 4253 1126 4323 quidem
1176 4255 1514 4325 evangelista
1570 4265 1697 4325 post
1749 4257 2084 4312 tentationes
2122 4255 2288 4321 dicit,
2335 4253 2482 4326 quod
2525 4251 2853 4310 accedentes
2901 4255 3081 4326 angeli
3124 4254 3516 4312 ministrabant
3553 4257 3603 4313 ei

367 4346 584 4418 (Matth.
611 4367 686 4414 tv,
720 4349 808 4420 11)
838 4365 851 4401 :
885 4347 1097 4405 scilicet
1124 4363 1248 4403 cum
1293 4364 1360 4404 eo
1398 4350 1708 4414 constituti,
1745 4358 1800 4405 et
1842 4358 2210 4421 cooperantes
2233 4388 2250 4413 ,
2305 4359 2361 4404 et
2393 4348 2653 4403 omnibus
2696 4349 2844 4403 circa
2890 4365 3014 4404 011111
3057 4349 3168 4405 Deo
3206 4351 3598 4418 ministrantes,

367 4446 513 4516 quod
547 4447 660 4517 jam
697 4461 792 4516 per
817 4445 1120 4501 certamina
1160 4444 1226 4500 ad
1270 4445 1550 4501 diabolum
1586 4455 1848 4502 ostensus
1877 4456 1963 4502 est
1992 4447 2222 4501 clarior.
2257 4444 2364 4500 Sed
2410 4453 2466 4499 et
2502 4444 2647 4514 quod
2689 4457 2922 4512 passuro
2959 4444 3008 4497 ei
3041 4445 3272 4498 aderant
3296 4445 3507 4515 angeli,
3535 4460 3598 4499 ex

367 4537 678 4609 Evangeliis
702 4538 972 4594 discimus
1006 4557 1020 4593 :
1049 4549 1249 4597 etcum
1291 4541 1614 4606 resurrexit,
1653 4541 1707 4596 in
1748 4549 2107 4596 monumento
2135 4541 2237 4594 visi
2277 4545 2427 4595 sunt.
2468 4536 2574 4593 Per
2595 4539 2780 4592 omnia
2807 4538 3009 4592 etenim
3061 4539 3167 4592 ista
3201 4539 3600 4593 monstrabatur

365 4635 607 4704 dignitas
637 4634 868 4700 Christi,
913 4636 1058 4706 quod
1098 4637 1414 4707 inseparate
1459 4637 1511 4710 ei
1553 4637 1731 4708 angeli
1774 4635 2026 4701 aderant,
2061 4643 2118 4690 et
2151 4633 2410 4691 omnibus
2436 4633 2586 4686 circa
2617 4647 2744 4686 eum
2785 4631 3192 4686 ministrabant.
3227 4629 3384 4686 Sicut
3406 4630 3542 4686 enim
3569 4645 3596 4684 a

365 4729 724 4797 peccantibus
777 4740 1140 4800 separantur,
1192 4730 1274 4785 sic
1321 4739 1376 4785 et
1429 4745 1526 4800 per
1571 4730 1828 4784 meritum
1859 4727 2148 4783 honoratis
2178 4723 2534 4781 subveniunt.
2581 4721 2810 4790 Propter
2854 4721 3001 4790 quod
3049 4722 3185 4776 bene
3229 4721 3489 4777 Dominus
3527 4723 3598 4776 ait

367 4822 576 4894 (10am,
609 4842 650 4890 1,
673 4826 871 4894 5|,52)
903 4845 918 4882 :
951 4826 1106 4893 Quod
1142 4826 1323 4898 majus
1363 4827 1642 4889 videbitis,
1667 4834 1721 4879 et
1750 4826 1893 4896 quod
1931 4823 2130 4880 coelum
2179 4821 2454 4891 aperietur
2501 4817 2758 4872 omnibus
2788 4830 2886 4886 per
2920 4828 3006 4868 me
3029 4854 3043 4876 ,
3093 4821 3146 4866 et
3199 4829 3392 4868 omnes
3432 4814 3592 4883 angeli

367 4935 582 4989 semper
633 4936 846 4976 mecum
873 4928 1071 4989 erunt,
1107 4937 1257 4976 nunc
1295 4921 1516 4992 quidem
1564 4921 1927 4977 ascendentes
1950 4962 1966 4990 ,
2003 4933 2151 4976 nunc
2186 4931 2318 4972 vero
2346 4913 2744 4969 descendentes
2769 4949 2786 4976 ,
2822 4910 2968 4966 sicut
3011 4911 3076 4965 ad
3117 4911 3478 4966 domesticum
3510 4911 3598 4969 Dei

366 5025 421 5070 et
467 5016 729 5072 amicum.

441 5108 520 5179 (5)
559 5105 696 5162 Nam
744 5103 974 5161 rationis
1017 5105 1239 5176 quidem
1287 5103 1570 5176 proprium
1613 5111 1730 5172 est,
1762 5104 2027 5160 discretio
2065 5103 2341 5159 bonorum
2382 5111 2436 5159 et
2472 5103 2765 5158 malorum.
2797 5102 2935 5158 Cum
2963 5117 3093 5158 vero
3119 5116 3232 5157 non
3267 5111 3455 5157 essent
3479 5116 3592 5158 con-

440 5285 517 5356 (1)
564 5284 945 5359 Evangelium_
963 5284 1202 5359 blatthzei
1227 5284 1568 5359 _'7:lieodorus
1594 5325 1609 5350 ,
1641 5293 1779 5342 teste
1803 5286 1938 5342 Ebe-
2043 5287 2350 5359 Evangelii]
2379 5287 2512 5359 libro
2537 5288 2708 5356 primo
2728 5304 2748 5342 :
2770 5287 2862 5342 sed
2891 5303 2944 5359 v7.
2969 5285 3209 5359 (1111011111
3237 5285 3586 5359 inponiment.

369 5355 525 5428 diesu
553 5355 865 5428 (Assetnan.
906 5355 1049 5428 Bibl.
1084 5355 1181 5412 0r.
1227 5355 1315 5421 111,
1348 5371 1386 5423 1,
1419 5371 1472 5426 p.
1503 5356 1618 5428 52),
1649 5372 1760 5411 uno
1791 5368 1940 5412 tomo
2043 5359 2110 5414 de
2153 5355 2423 5414 Theodori
2463 5355 2686 5428 M._vita
2725 5366 2786 5413 et
2827 5357 3065 5428 scriptis.
3113 5355 3234 5413 Hal.
3278 5356 3415 5412 1856
3457 5357 3587 5424 (huic

369 5429 435 5483 ad
463 5426 667 5482 Iulium
699 5427 1015 5496 explicavit.
1139 5496 1142 5497 7
1313 5495 1324 5497 7
1455 5496 1466 5497 7
1578 5426 1586 5497 ί
1903 5496 1906 5497 7
2043 5429 2306 5482 volumini
2339 5426 2602 5497 praefixa).

441 5499 518 5555 t2)
553 5498 671 5552 Act.
703 5493 864 5552 conc.
891 5497 1080 5553 Const.
1100 5496 1168 5557 11,
1201 5512 1276 5557 tv,
1303 5495 1394 5550 26.
1423 5496 1593 5551 Mansi
1616 5495 1707 5560 IX,
1730 5513 1785 5564 ι).
1813 5496 1939 5552 2H.

2115 5499 2192 5564 (51
2224 5493 2428 5551 Αο1.’(].
2473 5498 2665 5551 Const.
2694 5495 2759 5553 II.
2791 5514 2864 5562 tv,
2896 5497 2986 5560 55,
3029 5497 3144 5561 Vig.
3200 5497 3261 5550 (ἶ.
3302 5495 3391 5558 56,
3421 5493 3493 5548 Ex
3518 5496 3585 5550 his

370 5567 533 5637 Vigil.
567 5576 746 5638 const.
775 5569 868 5629 27,
894 5567 1067 5622 Mansi
1092 5567 1182 5628 IX,
1217 5583 1270 5638 p.
1301 5567 1390 5622 79.
1427 5566 1672 5638 Ejusdem
1703 5567 1766 5638 tle
1787 5567 1923 5620 inter
2045 5584 2160 5638 qua:
2187 5577 2307 5620 sunt
2337 5569 2390 5620 in
2421 5566 2511 5620 Eu.
2545 5584 2646 5620 sec.
2678 5567 2890 5625 Matth.,
2923 5570 2974 5620 in
3001 5568 3186 5637 quibus
3213 5567 3348 5620 dixit
3374 5583 3385 5617 :
3419 5584 3435 5616 1
3457 5565 3587 5634 Quod

371 5634 661 5695 urbtatioue
705 5637 974 5709 Evangelii
1024 5638 1044 5709 [
1077 5634 1232 5694 vcltf
1254 5637 1294 5693 Ι.
1351 5636 1633 5693 secundum
1681 5634 1940 5692 Joannem
2050 5637 2186 5692 Deus
2221 5639 2411 5694 creavit
2447 5639 2737 5704 coturaria,
2768 5639 2804 5692 i.
2831 5654 2876 5692 c.
2910 5634 3042 5691 bona
3068 5647 3116 5692 et
3151 5638 3312 5691 mala.
3353 5655 3370 5686 1
