3834 6224
160 252 268 312 ἳο5

1248 254 1314 307 ΙΝ
1357 252 1809 312 EVANGELIUM
1850 254 2208 310 MATTIUEI.

3301 257 3406 315 706

162 371 354 434 traria,
378 384 490 425 non
525 378 646 425 erat
674 370 727 425 ei
763 371 1030 443 possibile
1061 371 1270 441 aliquid
1301 371 1640 428 discernere.
1671 372 1917 429 Primum
1951 373 2121 442 igitur
2150 373 2206 428 in
2238 373 2325 428 his
2348 389 2471 444 quae
2497 382 2683 431 creata
2717 384 2880 442 sunt,
2915 391 3165 448 magnam
3189 386 3409 432 contra-

158 465 413 520 rietatem
451 464 599 519 fecit.

235 555 313 621 (ι)
350 555 622 621 Quoniam
656 561 839 608 autem
874 568 985 607 non
1018 552 1266 606 obaudiit
1303 552 1498 617 Adam,
1528 553 1725 609 deinde
1754 555 2010 613 subditus
2043 568 2128 614 est
2156 563 2320 616 morti
2352 579 2365 615 :
2397 574 2447 615 et
2484 564 2690 617 factum
2719 572 2804 619 est
2843 564 2945 618 hoc
2978 574 3196 635 propter
3223 566 3409 623 inohe-

161 643 449 711 dientiatn,
483 645 631 716 quod
664 656 717 701 ct
742 646 882 700 citra
912 642 1335 697 lnobediettiam
1370 652 1596 714 prepter
1624 646 1915 702 utilitatem
1946 662 2190 704 nostram
2224 666 2255 704 a
2299 651 2564 708 Creatore
2608 653 2813 709 factum
2858 666 2969 721 cst,
3003 657 3181 711 edocti
3214 674 3408 717 sumus

158 752 353 792 omnes
387 745 695 807 peccatum.

807 825 962 877 ΚΕΦ.
1008 826 1085 877 A'.

231 917 377 987 Στίχ.
414 923 501 987 ιη’.
536 945 606 955 -
630 916 704 968 Τὸ
732 914 956 984 Πνεῦμα
980 914 1066 984 (2)
1094 913 1154 966 τὸ
1184 915 1335 980 ἅγιον
1365 913 1463 983 μία
1498 913 1582 977 τίς
1615 916 1731 967 ἐστι

158 1012 257 1080 τῆς
298 1009 529 1081 Τριὰδος
556 1008 869 1071 ὑπόστασις,
905 1006 998 1060 καὶ
1019 1005 1142 1059 οὔτε
1172 1006 1357 1075 Πατὴρ
1385 1005 1729 1075 ὀνομάζεται,

159 1102 284 1155 οὔτε
312 1101 458 1162 Υἱὸς,
494 1099 607 1153 ἀλλ’
636 1098 911 1169 ἐξαίρετόν
933 1115 985 1149 τι
1007 1097 1173 1166 ὃνομα
1204 1096 1315 1167 ἔχει
1367 1096 1428 1148 τὸ
1451 1096 1731 1150 καλεῖσθαι

159 1192 387 1261 Πνεῦμα
417 1192 590 1258 ἆγιον,
625 1189 700 1253 ὣς
734 1206 899 1259 φησιν
932 1190 960 1241 ὁ
994 1188 1183 1258 Σωτὴρ
1213 1187 1349 1257 πρὸς
1382 1188 1506 1250 τοὺς
1537 1187 1731 1241 ἑαυτοῦ

162 1282 444 1354 μαθητάςο
509 1281 903 1348 Πορευθέντες
946 1280 1360 1347 μαθητεύσατε
1414 1279 1609 1330 πάντα
1660 1278 1734 1331 τὰ

158 1376 329 1442 ἔθνη,
352 1371 743 1439 βαπτίζοντες
774 1370 995 1435 αὐτοὺς
1034 1371 1121 1434 εὶς
1153 1368 1218 1421 τὸ
1254 1369 1440 1437 ὄνομα
1470 1368 1576 1420 τοῦ
1616 1372 1733 1421 Ha-

157 1465 299 1533 τρός
348 1465 444 1517 καὶ
497 1462 605 1516 τοῦ
664 1460 800 1515 Υἱοῦ
839 1458 937 1513 καὶ
982 1458 1088 1512 τοῦ
1138 1458 1308 1524 ἁγίου
1365 1458 1728 1524 Πνεύματος.

161 1559 373 1625 Ὠσπερ
420 1555 529 1625 γὰρ
573 1552 827 1607 κοινωνόν
893 1553 1009 1602 ἐστι
1046 1548 1216 1618 Πατρέ
1250 1565 1306 1599 τε
1360 1548 1452 1599 καὶ
1496 1547 1610 1617 Υῐῷ
1651 1549 1731 1611 εἰς

156 1647 255 1717 τὴν
282 1646 378 1699 τοῦ
402 1645 602 1707 παντὸς
626 1642 1003 1714 δημιουργίαν,
1023 1639 1165 1693 οὔτω
1193 1640 1284 1691 καὶ
1310 1639 1367 1692 τὸ
1390 1642 1453 1692 ἐκ
1474 1641 1571 1709 τῆς
1591 1641 1667 1692 Πσ
1681 1657 1733 1711 ρ-

156 1738 315 1791 Θένου
357 1737 452 1790 τοῦ
486 1736 730 1807 Σωτῆρος
768 1733 927 1801 σῶμα
960 1730 1351 1785 κατεσκεύασε.

811 1825 965 1877 ΚΕΦ.
1008 1822 1082 1875 B'.

228 1919 379 1989 Στίχ.
419 1923 519 1982 ις’.
552 1946 623 1956 -
652 1916 817 1967 Ὅσον
848 1914 924 1981 l5)
957 1913 1067 1983 γὰρ
1096 1914 1283 1981 χρόνον
1314 1910 1666 1965 ὑπώπτευσεν
1705 1914 1732 1964 ὁ

162 2011 412 2080 Ἡρώδης
441 2005 577 2061 εἷναι
612 2007 720 2061 ἀπὺ
752 2006 851 2076 τῆς
896 2005 987 2058 τοῦ
1019 2005 1252 2075 Χριστοῦ
1296 2004 1600 2073 γεννήσεως
1645 2005 1733 2057 διὰ

152 2105 254 2173 τῆς
279 2103 388 2155 τῶν
415 2101 602 2171 μάγων
627 2097 910 2161 ἐλεύσεως,
930 2096 1198 2149 τοσούτων
1228 2095 1362 2148 ἐτῶν
1389 2096 1583 2157 παῖδας
1605 2097 1732 2148 ἁπο-

2498 833 2652 888 CAP.
2695 836 2733 889 l.

1909 918 2076 977 Vsus.
2109 923 2195 977 18.
2223 953 2295 964 -
2322 922 2561 993 Spiritus
2604 935 2833 981 sanctus
2883 942 2992 981 una
3034 938 3119 983 cst
3169 945 3402 998 persona

1840 1011 2150 1077 Trinitatis,
2183 1029 2304 1084 qua'
2340 1030 2518 1085 neque
2544 1014 2705 1070 Pater
2739 1026 2967 1071 vocatur
3001 1035 3177 1088 neque
3209 1020 3402 1084 Filius,

1840 1103 1931 1155 sed
1962 1105 2244 1172 proprium
2271 1106 2436 1160 habet
2459 1103 2943 1175 nomen,Spiritus
2969 1119 3211 1172 sanctus,
3245 1110 3405 1177 juxta

1840 1188 1914 1253 id,
1947 1191 2091 1259 quod
2129 1190 2385 1245 Salvator
2415 1191 2482 1244 ad
2509 1190 2811 1261 discipulos
2851 1194 2928 1246 ait
2955 1211 2968 1247 :
2999 1192 3196 1249 Euntes
3227 1197 3407 1252 docete

1838 1297 2015 1334 omnes
2052 1290 2249 1351 gentes,
2278 1284 2607 1351 baptizantes
2641 1299 2727 1336 eos
2774 1282 2832 1336 in
2881 1285 3088 1339 nomine
3126 1286 3309 1341 Patris
3354 1299 3405 1342 et

1839 1370 1970 1424 Filii
1998 1381 2047 1424 et
2077 1369 2307 1439 Spiritus
2330 1375 2502 1426 sancti
2530 1372 2749 1441 (Matth.
2771 1387 2968 1438 xxvnl,
2987 1375 3049 1429 lli
3068 1374 3108 1444 ).
3131 1373 3405 1440 Quemad-

1837 1462 2058 1516 modum
2088 1464 2235 1518 enim
2261 1462 2411 1518 Patri
2444 1472 2497 1519 et
2524 1463 2667 1519 Filio
2691 1476 3021 1537 cooperatus
3053 1477 3135 1521 est
3166 1466 3408 1537 Spiritus

1838 1562 2067 1608 sanctus
2118 1555 2173 1608 in
2209 1554 2493 1610 creatione
2522 1557 2744 1625 mundi,
2774 1559 2848 1614 ita
2878 1565 2931 1615 et
2952 1559 3254 1615 Salvatoris
3283 1575 3407 1614 cor-

1836 1660 1940 1713 pus
1974 1661 2041 1701 ex
2079 1645 2301 1718 Virgine
2335 1654 2512 1704 matre
2542 1650 2661 1720 ipse
2687 1654 2897 1722 aptavit
2926 1660 2980 1707 et
3004 1651 3334 1707 construxit.

2489 1826 2641 1878 CAP.
2689 1827 2750 1877 ll.

1909 1912 2076 1970 Vens.
2130 1915 2624 1984 16,—Quantum
2682 1918 2827 1971 enim
2885 1924 3099 1988 tempus
3157 1920 3225 1974 ab
3280 1929 3403 1974 ortu

1837 2004 2044 2060 Christi
2080 2008 2265 2064 habita
2296 2011 2515 2065 ratione
2546 2010 2817 2066 adventus
2845 2009 3126 2081 Magorum
3150 2014 3405 2082 opinatus

1837 2104 1924 2150 est
1957 2096 2200 2153 Herodes
2236 2098 2534 2167 ellluxisse,
2576 2108 2742 2157 tanta:
2783 2101 2962 2156 aetatis
2994 2104 3253 2172 puerulos
3290 2110 3407 2156 tru-

155 2197 366 2249 κτεῖναι
414 2188 869 2260 παρεκελεύσατο.
914 2187 1006 2256 Μὴ
1033 2187 1213 2239 τοίνυν
1243 2185 1517 2254 ὑπολάϐῃς
1554 2185 1729 2238 αἰτίαν

1853 2187 2102 2242 :idandos
2145 2193 2378 2246 curavit.
2411 2192 2489 2246 No
2524 2209 2652 2249 vero
2690 2194 2975 2249 existimes
3010 2210 3235 2250 causam
3280 2212 3405 2251 esse

153 2282 297 2339 εἶναι
326 2286 425 2353 τῆς
446 2280 552 2334 τῶν
578 2279 781 2332 παίδων
804 2277 986 2329 ἀδίκου
1024 2277 1233 2345 σφαγῆς
1258 2275 1356 2345 τὴν
1378 2274 1471 2327 τοῦ
1498 2273 1735 2343 Χριστοῦ

154 2375 430 2443 γέννησιν,
466 2370 598 2425 ἀλλὰ
624 2370 719 2440 τὴν
757 2368 850 2422 τοῦ
899 2367 1138 2438 Ἡρώδου
1171 2368 1356 2420 ἁθεῖαν
1390 2384 1450 2419 τε
1483 2367 1577 2420 καὶ
1612 2368 1738 2422 ἀνο-

158 2468 404 2535 σιότητα·
438 2463 558 2516 οὐδὲ
586 2462 692 2531 γὰρ
718 2462 765 2512 οἰ
788 2460 879 2512 τὸν
909 2460 1143 2530 Χριστὸν
1172 2457 1584 2530 σταυρώσαντες
1614 2457 1736 2511 τότε

155 2556 418 2625 γεγόνασι
458 2552 722 2622 πονηροὶ.
762 2552 898 2604 ἀλλὰ
934 2554 1377 2623 προϋπάρχοντες
1418 2552 1511 2604 καὶ
1545 2548 1736 2621 καιροῦ

156 2647 447 2716 λαϐόμενοι
484 2644 706 2706 ἑαυτοὺς
735 2645 1085 2713 ὲφανέρωσαν
1112 2642 1305 2705 οἵτινες
1334 2637 1493 2713 ἦσαν.

821 2828 978 2881 ΚΕΦ.
1010 2828 1081 2879 Γ⁹.

234 2922 382 2992 Στίχ.
421 2928 514 2986 ις’.
545 2950 615 2963 -
655 2919 744 2973 Ἐν
792 2920 923 2971 εἴδει
956 2919 1031 2988 (4)
1088 2917 1415 2989 περιστερᾶς
1459 2915 1630 2985 ἐφάνη
1679 2915 1739 2968 τὸ

161 3016 392 3085 Πνεῦμα
413 3015 473 3067 τὸ
499 3014 649 3082 ἆγιον
674 3013 749 3075 ὡς
772 3009 1121 3080 φιλόστοργὸν
1142 3026 1199 3061 τε
1224 3009 1314 3060 καὶ
1338 3007 1735 3078 φιλάνθρωπον,

161 3109 260 3161 καὶ
314 3106 569 3167 πολλάκις
619 3104 709 3171 ὑφ’
755 3102 912 3172 ἡμῶν
965 3099 1322 3169 ἁΟετούμενον
1360 3098 1520 3151 πάλιν
1558 3098 1738 3168 ἔχεται

163 3198 324 3267 ἡμῶν
362 3196 454 3248 καὶ
490 3196 770 3263 εὐεργετεῖ
815 3192 902 3245 διὰ
931 3191 1029 3260 τὴν
1082 3190 1248 3242 αὐτοῦ
1297 3189 1623 3260 ἀγαοότητα.
1674 3190 1739 3241 Ἠ

162 3290 273 3360 γὰρ
318 3285 614 3358 περιστερὰ
654 3284 1006 3353 φιλόστοργον
1049 3278 1182 3333 οὖσα
1219 3281 1313 3333 καὶ
1363 3278 1740 3350 φιλάνθρωπον

161 3378 323 3443 ζῶον,
360 3378 465 3430 ὑπὸ
493 3374 792 3446 ἀνθρώπων
826 3372 1153 3440 ἀδικουμένη
1193 3370 1260 3423 τὰ
1295 3370 1508 3440 ἐκείνης
1543 3370 1741 3439 ἔκγονα

161 3468 536 3521 ἀποσπώντων
573 3483 632 3517 τε
677 3465 769 3517 καὶ
816 3462 1123 3523 ἐσθιόντων,
1171 3462 1270 3513 οὐκ
1310 3460 1602 3529 ἀφίσταται
1633 3462 1742 3515 τῶν

163 3558 437 3628 συνήθων,
468 3556 579 3610 ἀλλ’
612 3555 791 3624 ἔχεται
820 3552 1107 3609 παντοίως.

1838 2278 2006 2333 caedis
2060 2295 2352 2349 puerorum
2394 2284 2739 2339 nativitatem
2787 2285 3037 2342 Christi:
3069 2302 3258 2341 verum
3303 2287 3407 2341 lle-

1839 2370 1991 2424 redis
2027 2369 2361 2441 impietatem
2395 2388 2458 2427 ac
2493 2374 2736 2430 furorem
2782 2376 3265 2433 immanissimum.
3295 2377 3404 2433 Ne-

1838 2477 1945 2532 que
1968 2462 2112 2517 enim
2142 2464 2236 2533 qui
2264 2463 2544 2519 Christum
2591 2466 2878 2523 allixcrunt
2916 2471 3089 2538 cruci,
3117 2471 3244 2525 mali
3288 2480 3404 2526 tum

1842 2552 2075 2622 primum
2106 2552 2361 2621 fuerunt,
2388 2557 2482 2611 sed
2516 2572 2640 2611 cum
2667 2556 2990 2626 jamdudum
3025 2562 3161 2616 tales
3197 2571 3407 2626 essent,

1841 2653 2059 2714 arrepta
2120 2651 2436 2712 occasione,
2495 2663 2555 2703 se
2619 2650 2727 2717 ipsi
2790 2650 3155 2720 prodiderunt
3214 2654 3408 2722 quales

1841 2752 2001 2793 essen
2011 2749 2026 2790 ι
2037 2777 2050 2791 .

2473 2830 2624 2885 CAP.
2669 2832 2758 2887 111.

1916 2916 2077 2973 Vens.
2105 2918 2277 2971 16.—
2298 2918 2356 2973 ln
2390 2923 2574 2990 specie
2594 2924 2863 2979 columbae
2889 2924 3142 2995 apparuit
3168 2922 3409 2993 Spiritus

1842 3021 2068 3067 sanctus
2132 3020 2323 3081 utpote
2396 3022 2594 3067 natura
2646 3016 2969 3081 benevolus,
3013 3024 3067 3069 et
3124 3016 3407 3069 hominum

1843 3103 2058 3173 generis
2115 3118 2307 3157 amans
2339 3123 2351 3157 :
2381 3114 2436 3158 et
2497 3106 2624 3160 licet
2669 3122 2699 3161 a
2745 3109 2905 3163 nobis
2960 3123 3103 3177 saepe
3155 3109 3411 3177 repulsus

1842 3195 2212 3265 exclususque
2258 3213 2453 3253 rursus
2484 3201 2774 3267 requirens
2810 3203 3258 3271 atnplectensque
3288 3217 3409 3263 nus,

1842 3284 2125 3339 beneﬁciis
2178 3285 2389 3352 fovens,
2420 3290 2641 3358 propria
2690 3290 2926 3358 quadam
2958 3290 3303 3344 liberalitatis
3340 3290 3412 3342 in-

1842 3383 1985 3429 natae
2014 3376 2276 3431 bonitate.
2296 3378 2557 3434 Columba
2581 3381 2725 3436 enim
2750 3382 3069 3437 benevolum
3095 3380 3410 3433 hominum-

1843 3483 1949 3535 que
1973 3484 2163 3523 amans
2195 3471 2416 3536 animal,
2447 3472 2648 3527 violata
2689 3474 2817 3529 licet
2850 3475 2920 3528 ab
2963 3472 3281 3527 hominibus
3317 3473 3412 3541 qui

1765 3535 1811 3597 (ἶ
1844 3558 2025 3627 pullos
2063 3560 2110 3612 ei
2147 3575 2278 3615 suos
2326 3563 2686 3617 substrahunt
2722 3579 2928 3633 eosque
2957 3561 3275 3625 comedunt,
3304 3577 3414 3614 non

162 3652 372 3706 dest'rit
421 3662 602 3704 tamen
648 3648 872 3703 infestas
922 3663 1108 3699 eorum
1153 3645 1357 3713 rapinis
1408 3647 1603 3702 domos
1655 3664 1720 3703 ac
1758 3652 1941 3720 nidos,
1977 3655 2182 3709 quibus
2235 3658 2401 3709 settch
2449 3658 2707 3720 insuevit,
2735 3659 2831 3712 sed
2866 3659 2921 3712 in
2961 3661 3029 3715 iis
3096 3663 3285 3725 hmret,
3358 3665 3415 3712 et

163 3758 360 3798 carere
387 3744 580 3811 pergit.

240 3835 520 3888 Vsus.15.
555 3864 623 3873 -
661 3832 793 3887 Nam
828 3832 903 3903 (5)
937 3839 989 3884 cl
1019 3831 1149 3885 illud
1179 3849 1191 3885 :
1227 3830 1329 3884 llic
1372 3841 1449 3885 est
1488 3831 1663 3888 Filius
1697 3850 1842 3888 meus
1881 3834 2127 3898 dilectus,
2164 3836 2219 3889 in
2248 3852 2348 3903 quo
2378 3836 2505 3888 mihi
2553 3837 2867 3905 complacui,
2929 3838 3140 3895 insania
3190 3843 3417 3900 evidens

162 3934 252 3981 est
291 3927 357 3979 de
383 3926 489 3979 Deo
524 3924 703 3979 Verbo
728 3935 923 3994 putare
954 3925 1137 3977 dicere
1189 3939 1337 3979 eum.
1369 3925 1470 3990 Qui
1516 3927 1659 3979 enim
1698 3928 1835 3981 dixit
1878 3946 1892 3983 :
1930 3928 2031 3982 llic
2059 3939 2136 3982 est
2171 3928 2345 3984 Filius
2382 3948 2526 3985 meus
2578 3931 2842 3995 dilectus;
2878 3940 2933 3988 et
2976 3935 3191 3991 intulit:
3228 3940 3283 3993 in
3316 3957 3417 4008 quo

166 4021 301 4075 mihi
328 4021 619 4087 complacui
642 4060 657 4083 ,
689 4020 1013 4090 signﬁcavit
1049 4018 1190 4089 quod
1229 4028 1412 4087 aperte
1440 4019 1506 4073 ad
1548 4023 2011 4091 comparationem
2051 4023 2153 4077 hoc
2182 4022 2313 4077 dicit
2348 4023 2577 4077 aliorum
2611 4024 2868 4095 ﬁliorum,
2900 4031 2993 4100 qui
3019 4047 3119 4087 nec
3151 4033 3332 4091 dilecti
3366 4037 3416 4091 ei

166 4122 321 4176 sunt,
363 4129 461 4169 nec
495 4114 709 4169 ulaccre
731 4113 893 4167 nitnis
926 4120 1221 4182 potuerunt
1240 4113 1311 4168 ei.

804 4206 960 4259 ΚΕΦ.
1012 4209 1084 4258 Δ’.

238 4300 390 4369 ἳτῐχ.
420 4298 483 4369 β’.
513 4326 584 4337 --
615 4298 741 4351 Ὅτε
770 4298 846 4367 (ϐ)
879 4299 906 4350 ὁ
930 4298 1161 4368 Χριστὸς
1201 4298 1505 4356 ἐπείνασεν,
1538 4299 1613 4361 ὼς
1642 4300 1739 4367 γέ-

167 4406 432 4462 γραπται,
467 4388 588 4441 τότε
623 4390 650 4441 ὁ
677 4387 918 4451 διάϐολος
948 4388 1246 4441 ἐπιτίθεται
1270 4390 1568 4459 πειράσων,
1621 4391 1742 4443 ἐπεὶ

165 4482 292 4536 οὐδὲ
320 4481 459 4534 πάνυ
488 4479 801 4549 τεθαύμακε
837 4479 934 4549 τὴν
975 4480 1031 4531 ἐν
1070 4479 1474 4547 τεσσαράκοντα
1506 4483 1741 4552 ἡμέραις

168 4571 444 4642 νηστείαν,
472 4570 753 4639 γινώσκων
776 4571 865 4624 τὸν
914 4571 1095 4624 Ἠλίαν
1120 4571 1383 4635 τοσαύτας
1411 4572 1621 4645 ἡμέρας
1648 4590 1742 4642 νη-

170 4661 492 4716 στεύσαντα.
546 4661 635 4713 Διὸ
677 4663 769 4715 καὶ
812 4661 1091 4733 θαρρήσας
1149 4662 1505 4734 προσέϐαλεν,
1557 4665 1740 4733 ὅμοιον

168 4754 372 4824 ἐκείνῳ
392 4753 619 4823 νομίσας
647 4747 782 4807 εἶναι
812 4754 905 4806 καὶ
928 4753 988 4805 οὐ
1024 4752 1156 4805 Θεόν

2513 4212 2662 4269 CAP.
2706 4213 2794 4269 IV.

1920 4301 2166 4358 Vens.2.
2194 4334 2264 4344 ——
2297 4304 2528 4371 Quando
2574 4306 2834 4363 Christus
2880 4310 3106 4375 esuriit,
3163 4321 3221 4368 ut
3278 4318 3418 4372 scri-

1849 4402 1999 4465 ptum
2027 4404 2136 4461 est,
2167 4404 2296 4452 tunc
2315 4399 2566 4454 diabolus
2596 4402 2651 4453 in
2685 4416 2808 4455 cum
2838 4401 3044 4456 invadit
3083 4411 3416 4463 tentaturus.

1850 4484 2073 4541 Scilicet
2127 4504 2238 4541 non
2289 4490 2521 4543 nimium
2571 4490 2876 4547 admiratus
2919 4501 3001 4547 est
3052 4495 3419 4567 quadraginta

1848 4574 2060 4630 dierum
2100 4577 2393 4647 jejunium,
2431 4595 2644 4633 memor
2668 4579 2839 4635 Eliam
2874 4582 3098 4639 totidem
3137 4585 3253 4641 dies
3272 4587 3419 4656 jeju-

1849 4667 1942 4720 nio
1963 4668 2337 4724 continuasse.
2367 4671 2495 4725 Inde
2518 4671 2682 4741 igitur
2707 4674 2887 4728 animo
2911 4683 3129 4745 sumpto
3156 4687 3415 4748 tanquam

1777 4749 1818 4802 ι)
1848 4755 1902 4809 in
1928 4754 2055 4811 Elia:
2090 4757 2324 4813 similem
2348 4757 2477 4826 (ΙΙΙ
2494 4758 2618 4830 Reg.
2646 4778 2759 4827 xix,
2784 4763 2862 4833 8),
2896 4762 3145 4836 nihilque
3174 4766 3418 4827 humano

171 4848 394 4919 lastigio
434 4848 611 4917 majus
648 4847 955 4911 habentem,
982 4847 1257 4908 audacter,
1291 4849 1465 4902 aleam
1499 4849 1817 4905 certaminis
1849 4861 2290 4920 exspectaturus,
2323 4855 2490 4909 vadit.

249 4987 324 5049 (ι)
358 4985 478 5037 Act.
505 4984 564 5038 C.
591 4983 781 5038 Const.
807 4999 867 5045 tt,
893 4999 966 5044 tv,
991 4982 1081 5048 56,
1108 4981 1227 5052 Vig.
1257 4989 1448 5038 bonst.
1479 4984 1566 5043 57,
1596 4982 1750 5051 Ejus-

170 5058 291 5110 dem
314 5072 378 5109 ex
402 5054 535 5125 libro
564 5052 584 5124 [
607 5062 736 5108 vett.
774 5054 919 5114 libri,
951 5068 1017 5105 ea:
1043 5053 1216 5125 eodem
1247 5053 1379 5107 libro
1404 5054 1423 5125 ]
1450 5056 1587 5123 quod
1610 5056 1748 5110 Deus

170 5136 444 5195 peccatum
471 5123 649 5176 docuit
672 5133 736 5195 et
767 5131 983 5195 mortem
1026 5123 1364 5195 introduxit;
1404 5123 1455 5178 ν.
1493 5140 1614 5193 qua:
1637 5125 1747 5179 dixi

175 5191 231 5250 in
256 5202 550 5249 comment.
584 5209 637 5261 p.
660 5193 749 5255 64,
782 5208 835 5245 n.
872 5195 905 5247 5
933 5191 1122 5256 (infra,
1150 5194 1256 5246 col.
1283 5192 1394 5259 55).

247 5264 325 5333 (ἓ)
354 5258 632 5332 chuutur
668 5264 780 5317 haec
814 5264 870 5333 i_n_
898 5260 1099 5319 Matth.
1138 5258 1437 5332 fragmenta
1466 5258 1652 5317 Graeca
1690 5263 1746 5319 in

177 5363 212 5389 ι.
257 5354 270 5388 :
308 5330 683 5404 Synibolarurtt
722 5334 774 5385 in
817 5330 1127 5404 Matthazum
1156 5330 1351 5404 Διοίηιιε
1403 5332 1552 5404 prior
1594 5334 1747 5385 exhi-

178 5413 302 5459 bens
356 5401 599 5456 catenam
642 5401 808 5455 (inre.
878 5401 1031 5453 Patr.
1074 5401 1231 5455 unius
1285 5410 1335 5454 et
1373 5402 1557 5469 viginti
1612 5419 1748 5456 nunc

178 5475 411 5539 primum
464 5472 682 5526 editam.
726 5470 811 5524 Ea:
863 5471 1175 5524 bibliotheca
1250 5470 1605 5539 illustrissimi
1678 5474 1743 5527 ι).

179 5538 359 5598 Caroli
390 5542 456 5597 de
487 5540 755 5595 Moutchal
785 5541 1012 5608 archiep.
1055 5539 1305 5594 Tolosani
1339 5539 1525 5594 Petrus
1563 5538 1747 5594 Possi-

181 5630 281 5668 ttus
308 5630 335 5667 ε
357 5629 463 5666 soc.
487 5610 614 5665 Jesu
644 5627 849 5665 sacrar.
891 5609 1209 5664 Litterarum
1239 5609 1444 5663 Tolosa:
1459 5610 1741 5678 professor,

180 5698 246 5738 ea:
279 5682 660 5752 antiquissimis
699 5682 1012 5735 membranis
1051 5681 1208 5745 eruit,
1251 5678 1445 5733 Latina
1488 5680 1745 5749 interpre-

1858 4987 2147 5061 tationeuet
2187 4990 2404 5043 scholiis
2432 4989 2743 5054 illustravit,
2782 4990 3078 5061 librumque
3118 4993 3329 5048 addidit
3358 4995 3420 5050 de

1856 5056 2143 5131 cancordt'a
2170 5061 2618 5131 erartgelistarum
2666 5063 2721 5114 in
2749 5056 3055 5131 genealogia
3083 5062 3280 5117 Christ.
3315 5066 3420 5118 To—

1854 5126 1981 5204 loste
2011 5126 2166 5204 1646.
2201 5128 2239 5181 f.
2284 5126 2528 5204 Singulis
2572 5126 2850 5204 praemissa
2903 5126 3031 5204 sunt
3056 5149 3109 5186 ν.
3132 5133 3420 5204 ᾹΘεοδώρου

1854 5195 2250 5272 Μοψουεστίας,
2266 5195 2466 5272 united
2488 5195 2643 5261 XXI-ll,
2670 5201 2781 5269 15.)
2812 5201 2891 5272 6.;
2906 5202 3241 5272 Ἀντιοχέως.
3264 5195 3418 5270 Quod

1853 5265 2190 5340 primojoco
2212 5265 2395 5340 posui,
2429 5268 2707 5340 invenitur
2738 5265 2794 5340 β.
2829 5270 2916 5326 15.

1920 5334 1999 5470 fi)
2040 5334 2251 5390 Possitii
2288 5348 2394 5391 cat.
2431 5354 2485 5406 p,
2516 5339 2605 5393 5i.

1945 5410 1998 5470 4)
2037 5402 2259 5460 Possini
2285 5416 2393 5460 cat.
2423 5424 2477 5470 p.
2512 5409 2602 5461 45.

1945 5410 1998 5476 ξ)
2037 5402 2259 5476 Possini
2285 5416 2393 5460 cat.
2423 5402 2477 5476 p.
2512 5409 2602 5461 45.

1920 5473 2265 5549 (5)_Act_._C.
2295 5473 2492 5549 Cenat.
2526 5493 2585 5541 tt.
2623 5495 2696 5540 tv,
2749 5479 2842 5541 40,
2880 5478 3044 5549 Vigil.
3096 5488 3273 5535 const.
3324 5481 3418 5548 40,

1851 5539 2102 5615 [Eiusdem
2131 5543 2325 5597 Theod.
2366 5561 2430 5599 ea:
2476 5539 2906 5615 interpretatione
2947 5539 3049 5604 sec.
3106 5539 3418 5610 Matthwum

1850 5611 2163 5683 Evangelii;
2203 5615 2297 5669 sed
2329 5631 2381 5666 v.
2412 5632 2534 5683 qua:
2561 5611 2673 5672 dixi
2701 5618 2756 5672 in
2790 5627 3089 5675 comment.

1919 5681 1996 5752 (6)
2031 5682 2243 5738 Possitti
2277 5694 2383 5741 cat.
2417 5681 2469 5755 p.
2506 5686 2593 5739 46.
