  <div class='ocr_page' id='page_1' title='image "/cluster/home/n/w/nwhite01/storage/ocr_20150623/66/nnc1.0021886636/392.png"; bbox 0 0 3834 6224; ppageno 0'>
   <div class='ocr_carea' id='block_1_1' title="bbox 170 278 1375 351">
    <p class='ocr_par' dir='ltr' id='par_1_1' title="bbox 170 278 1375 351">
     <span class='ocr_line' id='line_1_1' title="bbox 170 278 1375 351; baseline -0.017 0"><span class='ocrx_word' id='word_1_1' title='bbox 170 292 280 351; x_wconf 74' lang='grc' dir='ltr'><strong>ἰὈθ</strong></span> <span class='ocrx_word' id='word_1_2' title='bbox 1311 278 1375 332; x_wconf 84' lang='grc' dir='ltr'><strong>ΙΝ</strong></span> 
     </span>
    </p>
   </div>
   <div class='ocr_carea' id='block_1_2' title="bbox 241 487 1748 569">
    <p class='ocr_par' dir='ltr' id='par_1_2' title="bbox 241 487 1748 569">
     <span class='ocr_line' id='line_1_2' title="bbox 241 487 1748 569; baseline -0.011 -16"><span class='ocrx_word' id='word_1_3' title='bbox 241 502 389 569; x_wconf 86' lang='grc' dir='ltr'>Στίχ.</span> <span class='ocrx_word' id='word_1_4' title='bbox 421 497 573 561; x_wconf 80' lang='grc' dir='ltr'><strong>ζ’.-</strong></span> <span class='ocrx_word' id='word_1_5' title='bbox 593 496 805 548; x_wconf 79' lang='grc' dir='ltr'>Θυσιῶν</span> <span class='ocrx_word' id='word_1_6' title='bbox 838 494 957 564; x_wconf 78' lang='grc' dir='ltr'>μὲν,</span> <span class='ocrx_word' id='word_1_7' title='bbox 983 491 1147 560; x_wconf 64' lang='grc' dir='ltr'>φησιν</span> <span class='ocrx_word' id='word_1_8' title='bbox 1172 490 1270 559; x_wconf 84' lang='grc' dir='ltr'>(ι),</span> <span class='ocrx_word' id='word_1_9' title='bbox 1296 488 1356 540; x_wconf 84' lang='grc' dir='ltr'><strong>ού</strong></span> <span class='ocrx_word' id='word_1_10' title='bbox 1386 487 1748 558; x_wconf 74' lang='grc' dir='ltr'><strong>προσδέομαι,</strong></span> 
     </span>
    </p>
   </div>
   <div class='ocr_carea' id='block_1_3' title="bbox 170 576 1754 662">
    <p class='ocr_par' dir='ltr' id='par_1_3' title="bbox 170 576 1754 662">
     <span class='ocr_line' id='line_1_3' title="bbox 170 576 1754 662; baseline -0.011 -17"><span class='ocrx_word' id='word_1_11' title='bbox 170 593 395 662; x_wconf 83' lang='grc' dir='ltr'>δέχομαι</span> <span class='ocrx_word' id='word_1_12' title='bbox 421 589 476 641; x_wconf 85' lang='grc' dir='ltr'><strong>δὲ</strong></span> <span class='ocrx_word' id='word_1_13' title='bbox 506 588 713 649; x_wconf 86' lang='grc' dir='ltr'>ταύτας</span> <span class='ocrx_word' id='word_1_14' title='bbox 734 588 801 655; x_wconf 80' lang='grc' dir='ltr'>τῇ</span> <span class='ocrx_word' id='word_1_15' title='bbox 824 586 923 653; x_wconf 83' lang='grc' dir='ltr'><strong>τῆς</strong></span> <span class='ocrx_word' id='word_1_16' title='bbox 959 580 1230 652; x_wconf 79' lang='grc' dir='ltr'><strong>ὑμετέρας</strong></span> <span class='ocrx_word' id='word_1_17' title='bbox 1265 578 1545 640; x_wconf 83' lang='grc' dir='ltr'>ἀσθενείας</span> <span class='ocrx_word' id='word_1_18' title='bbox 1561 576 1754 647; x_wconf 76' lang='grc' dir='ltr'>γνώμῃ</span> 
     </span>
    </p>
   </div>
   <div class='ocr_carea' id='block_1_4' title="bbox 174 666 1753 747">
    <p class='ocr_par' dir='ltr' id='par_1_4' title="bbox 174 666 1753 747">
     <span class='ocr_line' id='line_1_4' title="bbox 174 666 1753 747; baseline -0.011 -15"><span class='ocrx_word' id='word_1_19' title='bbox 174 675 646 747; x_wconf 76' lang='grc' dir='ltr'>συγκαταὸαίνων,</span> <span class='ocrx_word' id='word_1_20' title='bbox 688 670 934 727; x_wconf 81' lang='grc' dir='ltr'>ἀπαιτῶν</span> <span class='ocrx_word' id='word_1_21' title='bbox 982 669 1037 721; x_wconf 76' lang='grc' dir='ltr'>δὲ</span> <span class='ocrx_word' id='word_1_22' title='bbox 1069 670 1135 721; x_wconf 74' lang='grc' dir='ltr'>τὰ</span> <span class='ocrx_word' id='word_1_23' title='bbox 1181 668 1273 721; x_wconf 76' lang='grc' dir='ltr'><strong>δύο</strong></span> <span class='ocrx_word' id='word_1_24' title='bbox 1309 666 1502 729; x_wconf 84' lang='grc' dir='ltr'>ταῦτα,</span> <span class='ocrx_word' id='word_1_25' title='bbox 1553 666 1652 735; x_wconf 90' lang='grc' dir='ltr'>τήν</span> <span class='ocrx_word' id='word_1_26' title='bbox 1695 680 1753 716; x_wconf 88' lang='grc' dir='ltr'><strong>τε</strong></span> 
     </span>
    </p>
   </div>
   <div class='ocr_carea' id='block_1_5' title="bbox 173 752 1756 838">
    <p class='ocr_par' dir='ltr' id='par_1_5' title="bbox 173 752 1756 838">
     <span class='ocr_line' id='line_1_5' title="bbox 173 752 1756 838; baseline -0.01 -18"><span class='ocrx_word' id='word_1_27' title='bbox 173 769 310 838; x_wconf 80' lang='grc' dir='ltr'>πρὸς</span> <span class='ocrx_word' id='word_1_28' title='bbox 338 766 439 836; x_wconf 81' lang='grc' dir='ltr'>ἐμὲ</span> <span class='ocrx_word' id='word_1_29' title='bbox 479 765 689 817; x_wconf 72' lang='grc' dir='ltr'>εὔνοιαν</span> <span class='ocrx_word' id='word_1_30' title='bbox 726 764 819 815; x_wconf 71' lang='grc' dir='ltr'>καὶ</span> <span class='ocrx_word' id='word_1_31' title='bbox 850 762 951 831; x_wconf 83' lang='grc' dir='ltr'>τὴν</span> <span class='ocrx_word' id='word_1_32' title='bbox 1001 761 1079 821; x_wconf 83' lang='grc' dir='ltr'>εἰς</span> <span class='ocrx_word' id='word_1_33' title='bbox 1130 757 1221 809; x_wconf 81' lang='grc' dir='ltr'><strong>τὸν</strong></span> <span class='ocrx_word' id='word_1_34' title='bbox 1256 757 1424 819; x_wconf 85' lang='grc' dir='ltr'>πέλας</span> <span class='ocrx_word' id='word_1_35' title='bbox 1455 752 1756 824; x_wconf 79' lang='grc' dir='ltr'>φιλανθρωο</span> 
     </span>
    </p>
   </div>
   <div class='ocr_carea' id='block_1_6' title="bbox 175 847 1758 924">
    <p class='ocr_par' dir='ltr' id='par_1_6' title="bbox 175 847 1758 924">
     <span class='ocr_line' id='line_1_6' title="bbox 175 847 1758 924; baseline -0.008 -13"><span class='ocrx_word' id='word_1_36' title='bbox 175 860 325 912; x_wconf 79' lang='grc' dir='ltr'>πίαν·</span> <span class='ocrx_word' id='word_1_37' title='bbox 358 857 531 909; x_wconf 82' lang='grc' dir='ltr'>ταῦτα</span> <span class='ocrx_word' id='word_1_38' title='bbox 559 855 668 924; x_wconf 77' lang='grc' dir='ltr'><strong>γὰρ</strong></span> <span class='ocrx_word' id='word_1_39' title='bbox 714 851 1021 923; x_wconf 78' lang='grc' dir='ltr'>νομοθετῶν</span> <span class='ocrx_word' id='word_1_40' title='bbox 1072 850 1262 919; x_wconf 80' lang='grc' dir='ltr'>πρῶτα</span> <span class='ocrx_word' id='word_1_41' title='bbox 1303 848 1541 901; x_wconf 80' lang='grc' dir='ltr'>τέθεικα·</span> <span class='ocrx_word' id='word_1_42' title='bbox 1604 847 1758 913; x_wconf 80' lang='grc' dir='ltr'>Ἀγα-</span> 
     </span>
    </p>
   </div>
   <div class='ocr_carea' id='block_1_7' title="bbox 175 937 1759 1014">
    <p class='ocr_par' dir='ltr' id='par_1_7' title="bbox 175 937 1759 1014">
     <span class='ocr_line' id='line_1_7' title="bbox 175 937 1759 1014; baseline -0.009 -13"><span class='ocrx_word' id='word_1_43' title='bbox 175 950 398 1014; x_wconf 75' lang='grc' dir='ltr'>πήσεις</span> <span class='ocrx_word' id='word_1_44' title='bbox 437 948 653 1014; x_wconf 77' lang='grc' dir='ltr'>Κύριον</span> <span class='ocrx_word' id='word_1_45' title='bbox 686 944 793 998; x_wconf 74' lang='grc' dir='ltr'><strong>τὸν</strong></span> <span class='ocrx_word' id='word_1_46' title='bbox 844 944 991 997; x_wconf 76' lang='grc' dir='ltr'><strong>Θεόν</strong></span> <span class='ocrx_word' id='word_1_47' title='bbox 1044 960 1159 996; x_wconf 81' lang='grc' dir='ltr'><strong>σου</strong></span> <span class='ocrx_word' id='word_1_48' title='bbox 1208 940 1305 994; x_wconf 75' lang='grc' dir='ltr'>καὶ</span> <span class='ocrx_word' id='word_1_49' title='bbox 1348 939 1453 993; x_wconf 83' lang='grc' dir='ltr'><strong>τὸν</strong></span> <span class='ocrx_word' id='word_1_50' title='bbox 1495 937 1759 1005; x_wconf 77' lang='grc' dir='ltr'><strong>πλησίον</strong></span> 
     </span>
    </p>
   </div>
   <div class='ocr_carea' id='block_1_8' title="bbox 175 1039 670 1106">
    <p class='ocr_par' dir='ltr' id='par_1_8' title="bbox 175 1039 670 1106">
     <span class='ocr_line' id='line_1_8' title="bbox 175 1039 670 1106; baseline -0.01 -11"><span class='ocrx_word' id='word_1_51' title='bbox 175 1060 295 1095; x_wconf 82' lang='grc' dir='ltr'><strong>σου</strong></span> <span class='ocrx_word' id='word_1_52' title='bbox 327 1042 408 1106; x_wconf 86' lang='grc' dir='ltr'>ὠς</span> <span class='ocrx_word' id='word_1_53' title='bbox 439 1039 670 1092; x_wconf 75' lang='grc' dir='ltr'><strong>ἑαυτόν.</strong></span> 
     </span>
    </p>
   </div>
   <div class='ocr_carea' id='block_1_9' title="bbox 246 1112 1758 1200">
    <p class='ocr_par' dir='ltr' id='par_1_9' title="bbox 246 1112 1758 1200">
     <span class='ocr_line' id='line_1_9' title="bbox 246 1112 1758 1200; baseline -0.007 -17"><span class='ocrx_word' id='word_1_54' title='bbox 246 1112 397 1200; x_wconf 56' lang='grc' dir='ltr'><strong>Στῖχ.</strong></span> <span class='ocrx_word' id='word_1_55' title='bbox 429 1130 521 1182; x_wconf 73' lang='grc' dir='ltr'><strong>λε’.</strong></span> <span class='ocrx_word' id='word_1_56' title='bbox 545 1159 614 1169; x_wconf 93' lang='lat'><strong>—-</strong></span> <span class='ocrx_word' id='word_1_57' title='bbox 645 1125 715 1179; x_wconf 84' lang='grc' dir='ltr'><strong><em>Ὦ</em></strong></span> <span class='ocrx_word' id='word_1_58' title='bbox 738 1170 751 1191; x_wconf 92' lang='grc'><strong>,</strong></span> <span class='ocrx_word' id='word_1_59' title='bbox 785 1127 917 1195; x_wconf 62' lang='grc' dir='ltr'>φησι</span> <span class='ocrx_word' id='word_1_60' title='bbox 938 1167 953 1191; x_wconf 90' lang='grc'><strong>,</strong></span> <span class='ocrx_word' id='word_1_61' title='bbox 986 1125 1202 1177; x_wconf 78' lang='grc' dir='ltr'>πάντων</span> <span class='ocrx_word' id='word_1_62' title='bbox 1239 1122 1538 1193; x_wconf 79' lang='grc' dir='ltr'>ἀνθρώπων</span> <span class='ocrx_word' id='word_1_63' title='bbox 1592 1138 1758 1190; x_wconf 78' lang='grc' dir='ltr'>πονη-</span> 
     </span>
    </p>
   </div>
   <div class='ocr_carea' id='block_1_10' title="bbox 178 1210 1760 1294">
    <p class='ocr_par' dir='ltr' id='par_1_10' title="bbox 178 1210 1760 1294">
     <span class='ocr_line' id='line_1_10' title="bbox 178 1210 1760 1294; baseline -0.009 -19"><span class='ocrx_word' id='word_1_64' title='bbox 178 1223 399 1294; x_wconf 73' lang='grc' dir='ltr'>ρότατοι</span> <span class='ocrx_word' id='word_1_65' title='bbox 448 1221 541 1273; x_wconf 67' lang='grc' dir='ltr'><strong>καὶ</strong></span> <span class='ocrx_word' id='word_1_66' title='bbox 586 1221 725 1272; x_wconf 74' lang='grc' dir='ltr'>κοιτᾶ</span> <span class='ocrx_word' id='word_1_67' title='bbox 780 1217 944 1288; x_wconf 76' lang='grc' dir='ltr'>μηδὲν</span> <span class='ocrx_word' id='word_1_68' title='bbox 992 1219 1057 1286; x_wconf 82' lang='grc' dir='ltr'>τῇ</span> <span class='ocrx_word' id='word_1_69' title='bbox 1106 1214 1343 1284; x_wconf 70' lang='grc' dir='ltr'>πονηρίᾳ</span> <span class='ocrx_word' id='word_1_70' title='bbox 1388 1212 1496 1263; x_wconf 82' lang='grc' dir='ltr'><strong>τῶν</strong></span> <span class='ocrx_word' id='word_1_71' title='bbox 1540 1210 1760 1281; x_wconf 78' lang='grc' dir='ltr'>ἐχιδνῶν</span> 
     </span>
    </p>
   </div>
   <div class='ocr_carea' id='block_1_11' title="bbox 175 1302 1763 1381">
    <p class='ocr_par' dir='ltr' id='par_1_11' title="bbox 175 1302 1763 1381">
     <span class='ocr_line' id='line_1_11' title="bbox 175 1302 1763 1381; baseline -0.007 -17"><span class='ocrx_word' id='word_1_72' title='bbox 175 1311 570 1381; x_wconf 66' lang='grc' dir='ltr'>ἀφεστηκότες·</span> <span class='ocrx_word' id='word_1_73' title='bbox 604 1311 662 1361; x_wconf 81' lang='grc' dir='ltr'><strong>οὺ</strong></span> <span class='ocrx_word' id='word_1_74' title='bbox 690 1306 1002 1376; x_wconf 78' lang='grc' dir='ltr'>θαυμαστὸν</span> <span class='ocrx_word' id='word_1_75' title='bbox 1028 1307 1076 1357; x_wconf 86' lang='grc' dir='ltr'><strong>εί</strong></span> <span class='ocrx_word' id='word_1_76' title='bbox 1101 1304 1268 1375; x_wconf 81' lang='grc' dir='ltr'>μηδὲν</span> <span class='ocrx_word' id='word_1_77' title='bbox 1298 1302 1597 1371; x_wconf 82' lang='grc' dir='ltr'>φθέγγεσθε</span> <span class='ocrx_word' id='word_1_78' title='bbox 1628 1303 1763 1369; x_wconf 83' lang='grc' dir='ltr'>ἁγα-</span> 
     </span>
    </p>
   </div>
   <div class='ocr_carea' id='block_1_12' title="bbox 178 1393 1757 1469">
    <p class='ocr_par' dir='ltr' id='par_1_12' title="bbox 178 1393 1757 1469">
     <span class='ocr_line' id='line_1_12' title="bbox 178 1393 1757 1469; baseline -0.005 -15"><span class='ocrx_word' id='word_1_79' title='bbox 178 1402 296 1465; x_wconf 81' lang='grc' dir='ltr'>θδν,</span> <span class='ocrx_word' id='word_1_80' title='bbox 334 1402 526 1453; x_wconf 75' lang='grc' dir='ltr'>ἕπεται</span> <span class='ocrx_word' id='word_1_81' title='bbox 553 1400 662 1468; x_wconf 73' lang='grc' dir='ltr'>γὰρ</span> <span class='ocrx_word' id='word_1_82' title='bbox 690 1402 757 1469; x_wconf 83' lang='grc' dir='ltr'>τῇ</span> <span class='ocrx_word' id='word_1_83' title='bbox 792 1396 1028 1451; x_wconf 81' lang='grc' dir='ltr'>διαθέσει</span> <span class='ocrx_word' id='word_1_84' title='bbox 1066 1396 1166 1464; x_wconf 85' lang='grc' dir='ltr'>τῆς</span> <span class='ocrx_word' id='word_1_85' title='bbox 1198 1394 1376 1465; x_wconf 72' lang='grc' dir='ltr'>ψυχῆς</span> <span class='ocrx_word' id='word_1_86' title='bbox 1407 1393 1475 1445; x_wconf 85' lang='grc' dir='ltr'>τὰ</span> <span class='ocrx_word' id='word_1_87' title='bbox 1521 1396 1757 1465; x_wconf 71' lang='grc' dir='ltr'>ῥήματα*</span> 
     </span>
    </p>
   </div>
   <div class='ocr_carea' id='block_1_13' title="bbox 174 1483 1761 1560">
    <p class='ocr_par' dir='ltr' id='par_1_13' title="bbox 174 1483 1761 1560">
     <span class='ocr_line' id='line_1_13' title="bbox 174 1483 1761 1560; baseline -0.008 -12"><span class='ocrx_word' id='word_1_88' title='bbox 174 1494 322 1548; x_wconf 79' lang='grc' dir='ltr'>ἀλλὰ</span> <span class='ocrx_word' id='word_1_89' title='bbox 344 1494 458 1555; x_wconf 82' lang='grc' dir='ltr'><strong>πῶς</strong></span> <span class='ocrx_word' id='word_1_90' title='bbox 487 1491 711 1560; x_wconf 74' lang='grc' dir='ltr'>εὗφημα</span> <span class='ocrx_word' id='word_1_91' title='bbox 738 1488 1041 1558; x_wconf 69' lang='grc' dir='ltr'>φθέγγεσθε</span> <span class='ocrx_word' id='word_1_92' title='bbox 1059 1528 1072 1549; x_wconf 93' lang='grc'><strong>,</strong></span> <span class='ocrx_word' id='word_1_93' title='bbox 1098 1486 1167 1538; x_wconf 79' lang='grc' dir='ltr'>τὰ</span> <span class='ocrx_word' id='word_1_94' title='bbox 1193 1486 1359 1555; x_wconf 87' lang='grc' dir='ltr'>χείρω</span> <span class='ocrx_word' id='word_1_95' title='bbox 1389 1483 1761 1555; x_wconf 76' lang='grc' dir='ltr'>προῃρημένοι</span> 
     </span>
    </p>
   </div>
   <div class='ocr_carea' id='block_1_14' title="bbox 176 1576 1411 1648">
    <p class='ocr_par' dir='ltr' id='par_1_14' title="bbox 176 1576 1411 1648">
     <span class='ocr_line' id='line_1_14' title="bbox 176 1576 1411 1648; baseline -0.011 -10"><span class='ocrx_word' id='word_1_96' title='bbox 176 1584 436 1639; x_wconf 78' lang='grc' dir='ltr'>καθάπαέ</span> <span class='ocrx_word' id='word_1_97' title='bbox 466 1583 558 1635; x_wconf 78' lang='grc' dir='ltr'><strong>καὶ</strong></span> <span class='ocrx_word' id='word_1_98' title='bbox 585 1581 718 1643; x_wconf 81' lang='grc' dir='ltr'>ποὺς</span> <span class='ocrx_word' id='word_1_99' title='bbox 752 1580 812 1633; x_wconf 75' lang='grc' dir='ltr'>τὸ</span> <span class='ocrx_word' id='word_1_100' title='bbox 841 1582 1017 1648; x_wconf 83' lang='grc' dir='ltr'>χεῖρον</span> <span class='ocrx_word' id='word_1_101' title='bbox 1052 1576 1411 1638; x_wconf 84' lang='grc' dir='ltr'>ἐκκλίνοντες;</span> 
     </span>
    </p>
   </div>
   <div class='ocr_carea' id='block_1_15' title="bbox 828 1666 1106 1722">
    <p class='ocr_par' dir='ltr' id='par_1_15' title="bbox 828 1666 1106 1722">
     <span class='ocr_line' id='line_1_15' title="bbox 828 1666 1106 1722; baseline -0.011 -1"><span class='ocrx_word' id='word_1_102' title='bbox 828 1668 982 1722; x_wconf 80' lang='grc' dir='ltr'><strong>ΚΕΦ.</strong></span> <span class='ocrx_word' id='word_1_103' title='bbox 1028 1666 1106 1719; x_wconf 78' lang='lat' dir='ltr'>II&quot;</span> 
     </span>
    </p>
   </div>
   <div class='ocr_carea' id='block_1_16' title="bbox 1441 268 2287 332">
    <p class='ocr_par' dir='ltr' id='par_1_16' title="bbox 1441 268 2287 332">
     <span class='ocr_line' id='line_1_16' title="bbox 1441 268 2287 332; baseline -0.011 0"><span class='ocrx_word' id='word_1_104' title='bbox 1441 272 1888 332; x_wconf 78' lang='lat' dir='ltr'><strong>EVANGELIUM</strong></span> <span class='ocrx_word' id='word_1_105' title='bbox 1934 268 2287 325; x_wconf 71' lang='grc' dir='ltr'><strong>ΜΑἹΤΙΙΑΞΙ.</strong></span> 
     </span>
    </p>
   </div>
   <div class='ocr_carea' id='block_1_17' title="bbox 825 401 1819 455">
    <p class='ocr_par' dir='ltr' id='par_1_17' title="bbox 825 401 1819 455">
     <span class='ocr_line' id='line_1_17' title="bbox 825 401 1819 455; baseline -0.01 0"><span class='ocrx_word' id='word_1_106' title='bbox 825 402 982 455; x_wconf 79' lang='grc' dir='ltr'><strong>ΚΕΦ.</strong></span> <span class='ocrx_word' id='word_1_107' title='bbox 1014 401 1108 453; x_wconf 86' lang='lat' dir='ltr'><strong>IB’.</strong></span> <span class='ocrx_word' id='word_1_108' title='bbox 1728 444 1729 447; x_wconf 43' lang='grc' dir='ltr'><strong>η</strong></span> <span class='ocrx_word' id='word_1_109' title='bbox 1775 403 1819 454; x_wconf 75' lang='grc' dir='ltr'><strong>Α</strong></span> 
     </span>
    </p>
   </div>
   <div class='ocr_carea' id='block_1_18' title="bbox 3316 262 3419 317">
    <p class='ocr_par' dir='ltr' id='par_1_18' title="bbox 3316 262 3419 317">
     <span class='ocr_line' id='line_1_18' title="bbox 3316 262 3419 317; baseline 0.019 -2"><span class='ocrx_word' id='word_1_110' title='bbox 3316 262 3419 317; x_wconf 81' lang='grc'><strong>710</strong></span> 
     </span>
    </p>
   </div>
   <div class='ocr_carea' id='block_1_19' title="bbox 2468 382 2786 439">
    <p class='ocr_par' dir='ltr' id='par_1_19' title="bbox 2468 382 2786 439">
     <span class='ocr_line' id='line_1_19' title="bbox 2468 382 2786 439; baseline -0.006 0"><span class='ocrx_word' id='word_1_111' title='bbox 2468 383 2621 439; x_wconf 84' lang='lat' dir='ltr'><strong>CAP.</strong></span> <span class='ocrx_word' id='word_1_112' title='bbox 2665 382 2786 437; x_wconf 79' lang='lat' dir='ltr'>XII.</span> 
     </span>
    </p>
   </div>
   <div class='ocr_carea' id='block_1_20' title="bbox 1924 470 3417 544">
    <p class='ocr_par' dir='ltr' id='par_1_20' title="bbox 1924 470 3417 544">
     <span class='ocr_line' id='line_1_20' title="bbox 1924 470 3417 544; baseline -0.006 -12"><span class='ocrx_word' id='word_1_113' title='bbox 1924 477 2088 532; x_wconf 68' lang='lat' dir='ltr'><strong>Vsus.</strong></span> <span class='ocrx_word' id='word_1_114' title='bbox 2129 474 2179 530; x_wconf 83' lang='lat'><strong>7.</strong></span> <span class='ocrx_word' id='word_1_115' title='bbox 2213 507 2282 516; x_wconf 93' lang='grc'><strong><em>--</em></strong></span> <span class='ocrx_word' id='word_1_116' title='bbox 2317 475 2639 541; x_wconf 87' lang='lat' dir='ltr'><strong>Sacriﬁciis,</strong></span> <span class='ocrx_word' id='word_1_117' title='bbox 2677 475 2876 544; x_wconf 84' lang='lat' dir='ltr'><strong>inquit,</strong></span> <span class='ocrx_word' id='word_1_118' title='bbox 2901 488 3009 527; x_wconf 93' lang='lat' dir='ltr'><strong>non</strong></span> <span class='ocrx_word' id='word_1_119' title='bbox 3051 470 3291 542; x_wconf 78' lang='lat' dir='ltr'><strong>indigeo,</strong></span> <span class='ocrx_word' id='word_1_120' title='bbox 3329 470 3417 524; x_wconf 88' lang='lat' dir='ltr'><strong>illa</strong></span> 
     </span>
    </p>
   </div>
   <div class='ocr_carea' id='block_1_21' title="bbox 1856 565 3425 638">
    <p class='ocr_par' dir='ltr' id='par_1_21' title="bbox 1856 565 3425 638">
     <span class='ocr_line' id='line_1_21' title="bbox 1856 565 3425 638; baseline -0.004 -15"><span class='ocrx_word' id='word_1_121' title='bbox 1856 578 2040 624; x_wconf 86' lang='lat' dir='ltr'><strong>tamen</strong></span> <span class='ocrx_word' id='word_1_122' title='bbox 2082 569 2327 638; x_wconf 88' lang='lat' dir='ltr'><strong>suscipio</strong></span> <span class='ocrx_word' id='word_1_123' title='bbox 2374 584 2461 624; x_wconf 88' lang='lat' dir='ltr'><strong>me</strong></span> <span class='ocrx_word' id='word_1_124' title='bbox 2509 577 2706 623; x_wconf 66' lang='lat' dir='ltr'><strong>vestraa</strong></span> <span class='ocrx_word' id='word_1_125' title='bbox 2754 565 3061 620; x_wconf 92' lang='lat' dir='ltr'><strong>inﬁrmitati</strong></span> <span class='ocrx_word' id='word_1_126' title='bbox 3115 578 3425 618; x_wconf 86' lang='lat' dir='ltr'><strong>accommo-</strong></span> 
     </span>
    </p>
   </div>
   <div class='ocr_carea' id='block_1_22' title="bbox 1855 657 3423 729">
    <p class='ocr_par' dir='ltr' id='par_1_22' title="bbox 1855 657 3423 729">
     <span class='ocr_line' id='line_1_22' title="bbox 1855 657 3423 729; baseline -0.004 -12"><span class='ocrx_word' id='word_1_127' title='bbox 1855 662 1992 717; x_wconf 84' lang='lat' dir='ltr'><strong>dans</strong></span> <span class='ocrx_word' id='word_1_128' title='bbox 2020 676 2034 714; x_wconf 90' lang='lat'><strong>:</strong></span> <span class='ocrx_word' id='word_1_129' title='bbox 2074 668 2131 714; x_wconf 92' lang='lat' dir='ltr'><strong>at</strong></span> <span class='ocrx_word' id='word_1_130' title='bbox 2158 661 2266 714; x_wconf 92' lang='lat' dir='ltr'><strong>duo</strong></span> <span class='ocrx_word' id='word_1_131' title='bbox 2298 660 2411 713; x_wconf 65' lang='lat' dir='ltr'><strong>haec</strong></span> <span class='ocrx_word' id='word_1_132' title='bbox 2444 660 2682 729; x_wconf 76' lang='lat' dir='ltr'><strong>postulo,</strong></span> <span class='ocrx_word' id='word_1_133' title='bbox 2711 667 2768 713; x_wconf 94' lang='lat' dir='ltr'><strong>ut</strong></span> <span class='ocrx_word' id='word_1_134' title='bbox 2808 674 2894 712; x_wconf 91' lang='lat' dir='ltr'><strong>me</strong></span> <span class='ocrx_word' id='word_1_135' title='bbox 2927 672 3115 710; x_wconf 90' lang='lat' dir='ltr'><strong>amore</strong></span> <span class='ocrx_word' id='word_1_136' title='bbox 3145 665 3198 710; x_wconf 92' lang='lat' dir='ltr'><strong>et</strong></span> <span class='ocrx_word' id='word_1_137' title='bbox 3233 657 3423 726; x_wconf 79' lang='lat' dir='ltr'><strong>proxi-</strong></span> 
     </span>
    </p>
   </div>
   <div class='ocr_carea' id='block_1_23' title="bbox 1858 746 3424 821">
    <p class='ocr_par' dir='ltr' id='par_1_23' title="bbox 1858 746 3424 821">
     <span class='ocr_line' id='line_1_23' title="bbox 1858 746 3424 821; baseline -0.003 -16"><span class='ocrx_word' id='word_1_138' title='bbox 1858 767 2006 805; x_wconf 91' lang='lat' dir='ltr'><strong>mum</strong></span> <span class='ocrx_word' id='word_1_139' title='bbox 2069 767 2343 821; x_wconf 83' lang='lat' dir='ltr'><strong>quemque</strong></span> <span class='ocrx_word' id='word_1_140' title='bbox 2401 749 2747 803; x_wconf 87' lang='lat' dir='ltr'><strong>humanitate</strong></span> <span class='ocrx_word' id='word_1_141' title='bbox 2807 746 3252 817; x_wconf 83' lang='lat' dir='ltr'><strong>prosequamini;</strong></span> <span class='ocrx_word' id='word_1_142' title='bbox 3302 762 3424 816; x_wconf 68' lang='lat' dir='ltr'><strong>quae</strong></span> 
     </span>
    </p>
   </div>
   <div class='ocr_carea' id='block_1_24' title="bbox 1858 834 3423 909">
    <p class='ocr_par' dir='ltr' id='par_1_24' title="bbox 1858 834 3423 909">
     <span class='ocr_line' id='line_1_24' title="bbox 1858 834 3423 909; baseline -0.004 -15"><span class='ocrx_word' id='word_1_143' title='bbox 1858 840 2001 894; x_wconf 88' lang='lat' dir='ltr'><strong>enim</strong></span> <span class='ocrx_word' id='word_1_144' title='bbox 2044 841 2248 909; x_wconf 91' lang='lat' dir='ltr'><strong>primas</strong></span> <span class='ocrx_word' id='word_1_145' title='bbox 2303 840 2446 893; x_wconf 89' lang='lat' dir='ltr'><strong>inter</strong></span> <span class='ocrx_word' id='word_1_146' title='bbox 2481 837 2735 892; x_wconf 82' lang='lat' dir='ltr'><strong>mandata</strong></span> <span class='ocrx_word' id='word_1_147' title='bbox 2783 851 2903 891; x_wconf 86' lang='lat' dir='ltr'><strong>mea</strong></span> <span class='ocrx_word' id='word_1_148' title='bbox 2953 844 3137 890; x_wconf 89' lang='lat' dir='ltr'><strong>tenent</strong></span> <span class='ocrx_word' id='word_1_149' title='bbox 3176 834 3423 906; x_wconf 79' lang='lat' dir='ltr'><strong>:Diliges</strong></span> 
     </span>
    </p>
   </div>
   <div class='ocr_carea' id='block_1_25' title="bbox 1861 929 3426 999">
    <p class='ocr_par' dir='ltr' id='par_1_25' title="bbox 1861 929 3426 999">
     <span class='ocr_line' id='line_1_25' title="bbox 1861 929 3426 999; baseline -0.004 -14"><span class='ocrx_word' id='word_1_150' title='bbox 1861 931 2148 985; x_wconf 79' lang='lat' dir='ltr'><strong>Dominum</strong></span> <span class='ocrx_word' id='word_1_151' title='bbox 2193 930 2355 985; x_wconf 81' lang='lat' dir='ltr'><strong>Deum</strong></span> <span class='ocrx_word' id='word_1_152' title='bbox 2397 942 2565 997; x_wconf 80' lang='lat' dir='ltr'><strong>tuum,</strong></span> <span class='ocrx_word' id='word_1_153' title='bbox 2607 940 2655 984; x_wconf 85' lang='lat' dir='ltr'><strong>et</strong></span> <span class='ocrx_word' id='word_1_154' title='bbox 2679 931 2973 999; x_wconf 76' lang='lat' dir='ltr'><strong>proximum</strong></span> <span class='ocrx_word' id='word_1_155' title='bbox 3018 930 3154 983; x_wconf 76' lang='lat' dir='ltr'><strong>sicut</strong></span> <span class='ocrx_word' id='word_1_156' title='bbox 3203 929 3426 995; x_wconf 80' lang='lat' dir='ltr'><strong>teipsum</strong></span> 
     </span>
    </p>
   </div>
   <div class='ocr_carea' id='block_1_26' title="bbox 1864 1020 2510 1093">
    <p class='ocr_par' dir='ltr' id='par_1_26' title="bbox 1864 1020 2510 1093">
     <span class='ocr_line' id='line_1_26' title="bbox 1864 1020 2510 1093; baseline 0.002 -21"><span class='ocrx_word' id='word_1_157' title='bbox 1864 1020 2098 1093; x_wconf 78' lang='lat' dir='ltr'><strong>(Matth.</strong></span> <span class='ocrx_word' id='word_1_158' title='bbox 2124 1037 2261 1086; x_wconf 77' lang='lat' dir='ltr'><strong>xm,</strong></span> <span class='ocrx_word' id='word_1_159' title='bbox 2281 1021 2369 1085; x_wconf 77' lang='lat'><strong>37,</strong></span> <span class='ocrx_word' id='word_1_160' title='bbox 2392 1020 2510 1090; x_wconf 85' lang='lat'><strong>&#39;59).</strong></span> 
     </span>
    </p>
   </div>
   <div class='ocr_carea' id='block_1_27' title="bbox 1930 1111 3427 1182">
    <p class='ocr_par' dir='ltr' id='par_1_27' title="bbox 1930 1111 3427 1182">
     <span class='ocr_line' id='line_1_27' title="bbox 1930 1111 3427 1182; baseline 0 -17"><span class='ocrx_word' id='word_1_161' title='bbox 1930 1111 2097 1168; x_wconf 69' lang='lat' dir='ltr'><strong>Vens.</strong></span> <span class='ocrx_word' id='word_1_162' title='bbox 2135 1114 2312 1168; x_wconf 76' lang='lat'><strong>54.-—</strong></span> <span class='ocrx_word' id='word_1_163' title='bbox 2341 1111 2407 1179; x_wconf 89' lang='grc' dir='ltr'>Ο,</span> <span class='ocrx_word' id='word_1_164' title='bbox 2445 1112 2646 1182; x_wconf 89' lang='lat' dir='ltr'><strong>inquit,</strong></span> <span class='ocrx_word' id='word_1_165' title='bbox 2687 1111 2973 1166; x_wconf 88' lang='lat' dir='ltr'><strong>hominum</strong></span> <span class='ocrx_word' id='word_1_166' title='bbox 3014 1111 3258 1165; x_wconf 91' lang='lat' dir='ltr'><strong>omnium</strong></span> <span class='ocrx_word' id='word_1_167' title='bbox 3306 1126 3427 1166; x_wconf 85' lang='lat' dir='ltr'><strong>sce-</strong></span> 
     </span>
    </p>
   </div>
   <div class='ocr_carea' id='block_1_28' title="bbox 1862 1203 3425 1274">
    <p class='ocr_par' dir='ltr' id='par_1_28' title="bbox 1862 1203 3425 1274">
     <span class='ocr_line' id='line_1_28' title="bbox 1862 1203 3425 1274; baseline -0.002 -16"><span class='ocrx_word' id='word_1_168' title='bbox 1862 1204 2146 1260; x_wconf 89' lang='lat' dir='ltr'><strong>lestissimi</strong></span> <span class='ocrx_word' id='word_1_169' title='bbox 2186 1212 2241 1259; x_wconf 92' lang='lat' dir='ltr'><strong>et</strong></span> <span class='ocrx_word' id='word_1_170' title='bbox 2280 1205 2489 1257; x_wconf 88' lang='lat' dir='ltr'><strong>malitia</strong></span> <span class='ocrx_word' id='word_1_171' title='bbox 2546 1204 2748 1274; x_wconf 78' lang='lat' dir='ltr'><strong>viperis</strong></span> <span class='ocrx_word' id='word_1_172' title='bbox 2804 1204 3037 1267; x_wconf 84' lang='lat' dir='ltr'><strong>similes,</strong></span> <span class='ocrx_word' id='word_1_173' title='bbox 3072 1219 3183 1257; x_wconf 90' lang='lat' dir='ltr'><strong>non</strong></span> <span class='ocrx_word' id='word_1_174' title='bbox 3219 1203 3425 1256; x_wconf 88' lang='lat' dir='ltr'><strong>mirum</strong></span> 
     </span>
    </p>
   </div>
   <div class='ocr_carea' id='block_1_29' title="bbox 1865 1293 3423 1365">
    <p class='ocr_par' dir='ltr' id='par_1_29' title="bbox 1865 1293 3423 1365">
     <span class='ocr_line' id='line_1_29' title="bbox 1865 1293 3423 1365; baseline -0.003 -13"><span class='ocrx_word' id='word_1_175' title='bbox 1865 1297 1909 1352; x_wconf 93' lang='lat' dir='ltr'><strong>si</strong></span> <span class='ocrx_word' id='word_1_176' title='bbox 1943 1298 2078 1350; x_wconf 86' lang='lat' dir='ltr'><strong>nihil</strong></span> <span class='ocrx_word' id='word_1_177' title='bbox 2114 1296 2245 1351; x_wconf 90' lang='lat' dir='ltr'><strong>boni</strong></span> <span class='ocrx_word' id='word_1_178' title='bbox 2298 1295 2625 1365; x_wconf 90' lang='lat' dir='ltr'><strong>loquimini;</strong></span> <span class='ocrx_word' id='word_1_179' title='bbox 2666 1295 2848 1349; x_wconf 81' lang='lat' dir='ltr'><strong>verbis</strong></span> <span class='ocrx_word' id='word_1_180' title='bbox 2880 1295 3025 1349; x_wconf 91' lang='lat' dir='ltr'><strong>enim</strong></span> <span class='ocrx_word' id='word_1_181' title='bbox 3062 1295 3264 1349; x_wconf 90' lang='lat' dir='ltr'><strong>mentis</strong></span> <span class='ocrx_word' id='word_1_182' title='bbox 3296 1293 3423 1347; x_wconf 76' lang='lat' dir='ltr'><strong>aﬁe-</strong></span> 
     </span>
    </p>
   </div>
   <div class='ocr_carea' id='block_1_30' title="bbox 1863 1386 3431 1458">
    <p class='ocr_par' dir='ltr' id='par_1_30' title="bbox 1863 1386 3431 1458">
     <span class='ocr_line' id='line_1_30' title="bbox 1863 1386 3431 1458; baseline -0.001 -15"><span class='ocrx_word' id='word_1_183' title='bbox 1863 1397 1985 1443; x_wconf 85' lang='lat' dir='ltr'><strong>ctus</strong></span> <span class='ocrx_word' id='word_1_184' title='bbox 2012 1390 2434 1458; x_wconf 76' lang='lat' dir='ltr'><strong>exprimuntur:</strong></span> <span class='ocrx_word' id='word_1_185' title='bbox 2468 1399 2519 1443; x_wconf 84' lang='lat' dir='ltr'><strong>et</strong></span> <span class='ocrx_word' id='word_1_186' title='bbox 2549 1386 2825 1457; x_wconf 88' lang='lat' dir='ltr'><strong>quomodo</strong></span> <span class='ocrx_word' id='word_1_187' title='bbox 2858 1386 3184 1441; x_wconf 84' lang='lat' dir='ltr'><strong>benedicere</strong></span> <span class='ocrx_word' id='word_1_188' title='bbox 3201 1387 3431 1456; x_wconf 82' lang='lat' dir='ltr'><strong>potestis</strong></span> 
     </span>
    </p>
   </div>
   <div class='ocr_carea' id='block_1_31' title="bbox 1863 1477 3428 1549">
    <p class='ocr_par' dir='ltr' id='par_1_31' title="bbox 1863 1477 3428 1549">
     <span class='ocr_line' id='line_1_31' title="bbox 1863 1477 3428 1549; baseline -0.001 -16"><span class='ocrx_word' id='word_1_189' title='bbox 1863 1480 1956 1549; x_wconf 89' lang='lat' dir='ltr'><strong>qui</strong></span> <span class='ocrx_word' id='word_1_190' title='bbox 2007 1480 2146 1534; x_wconf 90' lang='lat' dir='ltr'><strong>nihil</strong></span> <span class='ocrx_word' id='word_1_191' title='bbox 2194 1481 2302 1535; x_wconf 91' lang='lat' dir='ltr'><strong>nisi</strong></span> <span class='ocrx_word' id='word_1_192' title='bbox 2362 1480 2636 1535; x_wconf 84' lang='lat' dir='ltr'><strong>deteriora</strong></span> <span class='ocrx_word' id='word_1_193' title='bbox 2683 1479 2900 1534; x_wconf 84' lang='lat' dir='ltr'><strong>sentitis</strong></span> <span class='ocrx_word' id='word_1_194' title='bbox 2960 1489 3014 1533; x_wconf 92' lang='lat' dir='ltr'><strong>et</strong></span> <span class='ocrx_word' id='word_1_195' title='bbox 3049 1478 3118 1532; x_wconf 87' lang='lat' dir='ltr'><strong>ad</strong></span> <span class='ocrx_word' id='word_1_196' title='bbox 3157 1477 3428 1534; x_wconf 86' lang='lat' dir='ltr'><strong>deteriora</strong></span> 
     </span>
    </p>
   </div>
   <div class='ocr_carea' id='block_1_32' title="bbox 1864 1571 2392 1641">
    <p class='ocr_par' dir='ltr' id='par_1_32' title="bbox 1864 1571 2392 1641">
     <span class='ocr_line' id='line_1_32' title="bbox 1864 1571 2392 1641; baseline -0.004 -16"><span class='ocrx_word' id='word_1_197' title='bbox 1864 1585 2040 1641; x_wconf 90' lang='lat' dir='ltr'><strong>usque</strong></span> <span class='ocrx_word' id='word_1_198' title='bbox 2068 1571 2392 1626; x_wconf 83' lang='lat' dir='ltr'><strong>declinatis?</strong></span> 
     </span>
    </p>
   </div>
   <div class='ocr_carea' id='block_1_33' title="bbox 2480 1660 2813 1717">
    <p class='ocr_par' dir='ltr' id='par_1_33' title="bbox 2480 1660 2813 1717">
     <span class='ocr_line' id='line_1_33' title="bbox 2480 1660 2813 1717; baseline -0.003 -1"><span class='ocrx_word' id='word_1_199' title='bbox 2480 1660 2632 1717; x_wconf 86' lang='lat' dir='ltr'><strong>CAP.</strong></span> <span class='ocrx_word' id='word_1_200' title='bbox 2673 1661 2813 1715; x_wconf 82' lang='lat' dir='ltr'>XIII.</span> 
     </span>
    </p>
   </div>
   <div class='ocr_carea' id='block_1_34' title="bbox 257 1742 1774 1835">
    <p class='ocr_par' dir='ltr' id='par_1_34' title="bbox 257 1755 1766 1835">
     <span class='ocr_line' id='line_1_34' title="bbox 257 1755 1766 1835; baseline -0.007 -16"><span class='ocrx_word' id='word_1_201' title='bbox 257 1766 405 1835; x_wconf 90' lang='grc' dir='ltr'>Στίχ.</span> <span class='ocrx_word' id='word_1_202' title='bbox 441 1763 539 1832; x_wconf 86' lang='grc' dir='ltr'>λγ’.</span> <span class='ocrx_word' id='word_1_203' title='bbox 588 1792 658 1804; x_wconf 90' lang='grc'><strong><em>-</em></strong></span> <span class='ocrx_word' id='word_1_204' title='bbox 709 1760 965 1831; x_wconf 83' lang='grc' dir='ltr'>Ἀλεύρου</span> <span class='ocrx_word' id='word_1_205' title='bbox 1015 1759 1091 1828; x_wconf 67' lang='lat'><strong>(2)</strong></span> <span class='ocrx_word' id='word_1_206' title='bbox 1141 1757 1278 1811; x_wconf 82' lang='grc' dir='ltr'>σάτα</span> <span class='ocrx_word' id='word_1_207' title='bbox 1324 1756 1450 1826; x_wconf 91' lang='grc' dir='ltr'>τρία</span> <span class='ocrx_word' id='word_1_208' title='bbox 1500 1755 1766 1826; x_wconf 86' lang='grc' dir='ltr'>’Έλληνας</span> 
     </span>
    </p>
   </div>
   <div class='ocr_carea' id='block_1_35' title="bbox 1897 1742 3434 1835">
    <p class='ocr_par' dir='ltr' id='par_1_35' title="bbox 1936 1750 3434 1823">
     <span class='ocr_line' id='line_1_35' title="bbox 1936 1750 3434 1823; baseline 0.003 -16"><span class='ocrx_word' id='word_1_209' title='bbox 1936 1751 2104 1807; x_wconf 74' lang='lat' dir='ltr'><strong>Vnus.</strong></span> <span class='ocrx_word' id='word_1_210' title='bbox 2138 1752 2226 1807; x_wconf 79' lang='grc'><strong>55.</strong></span> <span class='ocrx_word' id='word_1_211' title='bbox 2260 1782 2335 1823; x_wconf 39' lang='grc' dir='ltr'><strong>-ι</strong></span> <span class='ocrx_word' id='word_1_212' title='bbox 2362 1750 2580 1806; x_wconf 59' lang='lat' dir='ltr'><strong>Farina:</strong></span> <span class='ocrx_word' id='word_1_213' title='bbox 2628 1760 2745 1805; x_wconf 90' lang='lat' dir='ltr'><strong>sata</strong></span> <span class='ocrx_word' id='word_1_214' title='bbox 2795 1752 2901 1805; x_wconf 90' lang='lat' dir='ltr'><strong>tria</strong></span> <span class='ocrx_word' id='word_1_215' title='bbox 2944 1750 3185 1815; x_wconf 70' lang='lat' dir='ltr'><strong>Graecos,</strong></span> <span class='ocrx_word' id='word_1_216' title='bbox 3213 1752 3434 1811; x_wconf 70' lang='lat' dir='ltr'><strong>Iudaeos</strong></span> 
     </span>
    </p>
   </div>
   <div class='ocr_carea' id='block_1_36' title="bbox 182 1843 1767 1920">
    <p class='ocr_par' dir='ltr' id='par_1_36' title="bbox 182 1843 1767 1920">
     <span class='ocr_line' id='line_1_36' title="bbox 182 1843 1767 1920; baseline -0.009 -11"><span class='ocrx_word' id='word_1_217' title='bbox 182 1856 283 1910; x_wconf 71' lang='lat' dir='ltr'><strong>xui.</strong></span> <span class='ocrx_word' id='word_1_218' title='bbox 316 1853 598 1914; x_wconf 79' lang='grc' dir='ltr'>Ἰουδαίους</span> <span class='ocrx_word' id='word_1_219' title='bbox 623 1851 716 1904; x_wconf 74' lang='grc' dir='ltr'><strong>καὶ</strong></span> <span class='ocrx_word' id='word_1_220' title='bbox 748 1848 1093 1920; x_wconf 85' lang='grc' dir='ltr'>Σαμαρείτας</span> <span class='ocrx_word' id='word_1_221' title='bbox 1117 1845 1393 1916; x_wconf 76' lang='grc' dir='ltr'>ὀνομάζει·</span> <span class='ocrx_word' id='word_1_222' title='bbox 1422 1843 1631 1908; x_wconf 82' lang='grc' dir='ltr'>τούτοις</span> <span class='ocrx_word' id='word_1_223' title='bbox 1656 1848 1767 1908; x_wconf 83' lang='grc' dir='ltr'>τοῖς</span> 
     </span>
    </p>
   </div>
   <div class='ocr_carea' id='block_1_37' title="bbox 183 1936 1769 2017">
    <p class='ocr_par' dir='ltr' id='par_1_37' title="bbox 183 1936 1769 2017">
     <span class='ocr_line' id='line_1_37' title="bbox 183 1936 1769 2017; baseline -0.005 -18"><span class='ocrx_word' id='word_1_224' title='bbox 183 1945 367 2017; x_wconf 71' lang='grc' dir='ltr'>τρισὶν</span> <span class='ocrx_word' id='word_1_225' title='bbox 394 1942 731 2014; x_wconf 80' lang='grc' dir='ltr'>ἐμϐληθεῖσα</span> <span class='ocrx_word' id='word_1_226' title='bbox 760 1942 793 2010; x_wconf 80' lang='grc' dir='ltr'><strong>ἡ</strong></span> <span class='ocrx_word' id='word_1_227' title='bbox 822 1941 966 2010; x_wconf 81' lang='grc' dir='ltr'>ζύμη</span> <span class='ocrx_word' id='word_1_228' title='bbox 992 1937 1047 1991; x_wconf 82' lang='grc' dir='ltr'><strong>ἐν</strong></span> <span class='ocrx_word' id='word_1_229' title='bbox 1072 1937 1299 2009; x_wconf 77' lang='grc' dir='ltr'>φύραμα</span> <span class='ocrx_word' id='word_1_230' title='bbox 1323 1936 1421 2007; x_wconf 82' lang='grc' dir='ltr'><strong>τὴν</strong></span> <span class='ocrx_word' id='word_1_231' title='bbox 1444 1937 1603 2006; x_wconf 81' lang='grc' dir='ltr'>φύσιν</span> <span class='ocrx_word' id='word_1_232' title='bbox 1633 1938 1769 1991; x_wconf 81' lang='grc' dir='ltr'>πάν·</span> 
     </span>
    </p>
   </div>
   <div class='ocr_carea' id='block_1_38' title="bbox 182 2036 646 2105">
    <p class='ocr_par' dir='ltr' id='par_1_38' title="bbox 182 2036 646 2105">
     <span class='ocr_line' id='line_1_38' title="bbox 182 2036 646 2105; baseline -0.013 -15"><span class='ocrx_word' id='word_1_233' title='bbox 182 2055 299 2090; x_wconf 83' lang='grc' dir='ltr'><strong>των</strong></span> <span class='ocrx_word' id='word_1_234' title='bbox 329 2036 646 2105; x_wconf 79' lang='grc' dir='ltr'>εἰργάσατο.</span> 
     </span>
    </p>
   </div>
   <div class='ocr_carea' id='block_1_39' title="bbox 644 2121 1129 2173">
    <p class='ocr_par' dir='ltr' id='par_1_39' title="bbox 644 2121 1129 2173">
     <span class='ocr_line' id='line_1_39' title="bbox 644 2121 1129 2173; baseline -0.002 0"><span class='ocrx_word' id='word_1_235' title='bbox 644 2150 659 2163; x_wconf 68' lang='grc' dir='ltr'><strong>ε</strong></span> <span class='ocrx_word' id='word_1_236' title='bbox 834 2121 991 2173; x_wconf 79' lang='grc' dir='ltr'><strong>ΚΕΦ.</strong></span> <span class='ocrx_word' id='word_1_237' title='bbox 1033 2121 1129 2172; x_wconf 76' lang='grc' dir='ltr'><strong>1.ὶ’.</strong></span> 
     </span>
    </p>
   </div>
   <div class='ocr_carea' id='block_1_40' title="bbox 262 2211 1769 2287">
    <p class='ocr_par' dir='ltr' id='par_1_40' title="bbox 262 2211 1769 2287">
     <span class='ocr_line' id='line_1_40' title="bbox 262 2211 1769 2287; baseline 0.005 -18"><span class='ocrx_word' id='word_1_238' title='bbox 262 2217 413 2287; x_wconf 86' lang='grc' dir='ltr'>Στίχ.</span> <span class='ocrx_word' id='word_1_239' title='bbox 448 2222 516 2269; x_wconf 83' lang='grc' dir='ltr'><strong>α’.</strong></span> <span class='ocrx_word' id='word_1_240' title='bbox 535 2246 604 2256; x_wconf 90' lang='lat'>——</span> <span class='ocrx_word' id='word_1_241' title='bbox 622 2213 850 2285; x_wconf 82' lang='grc' dir='ltr'>Ἕτερός</span> <span class='ocrx_word' id='word_1_242' title='bbox 874 2214 949 2281; x_wconf 80' lang='grc'><strong>(5)</strong></span> <span class='ocrx_word' id='word_1_243' title='bbox 985 2213 1132 2263; x_wconf 88' lang='grc' dir='ltr'>ἐστιν</span> <span class='ocrx_word' id='word_1_244' title='bbox 1158 2211 1399 2283; x_wconf 78' lang='grc' dir='ltr'><strong>Ἡρώδης</strong></span> <span class='ocrx_word' id='word_1_245' title='bbox 1425 2213 1453 2263; x_wconf 85' lang='grc' dir='ltr'><strong><em>ὁ</em></strong></span> <span class='ocrx_word' id='word_1_246' title='bbox 1487 2211 1769 2281; x_wconf 75' lang='grc' dir='ltr'>βασιλεὺς,</span> 
     </span>
    </p>
   </div>
   <div class='ocr_carea' id='block_1_41' title="bbox 189 2301 1771 2376">
    <p class='ocr_par' dir='ltr' id='par_1_41' title="bbox 189 2301 1771 2376">
     <span class='ocr_line' id='line_1_41' title="bbox 189 2301 1771 2376; baseline -0.004 -15"><span class='ocrx_word' id='word_1_247' title='bbox 189 2309 288 2362; x_wconf 71' lang='grc' dir='ltr'><strong>καὶ</strong></span> <span class='ocrx_word' id='word_1_248' title='bbox 331 2308 514 2376; x_wconf 74' lang='grc' dir='ltr'>ἕτερος</span> <span class='ocrx_word' id='word_1_249' title='bbox 546 2308 574 2359; x_wconf 86' lang='grc' dir='ltr'>ὀ</span> <span class='ocrx_word' id='word_1_250' title='bbox 602 2304 907 2375; x_wconf 73' lang='grc' dir='ltr'>τετράρχης</span> <span class='ocrx_word' id='word_1_251' title='bbox 940 2304 967 2353; x_wconf 86' lang='grc' dir='ltr'>ὁ</span> <span class='ocrx_word' id='word_1_252' title='bbox 996 2302 1108 2366; x_wconf 55' lang='lat' dir='ltr'><strong>uio;</strong></span> <span class='ocrx_word' id='word_1_253' title='bbox 1141 2302 1330 2356; x_wconf 74' lang='grc' dir='ltr'>αὑτοῦ.</span> <span class='ocrx_word' id='word_1_254' title='bbox 1364 2301 1521 2355; x_wconf 81' lang='grc' dir='ltr'>Μετὰ</span> <span class='ocrx_word' id='word_1_255' title='bbox 1544 2302 1652 2372; x_wconf 83' lang='grc' dir='ltr'>γὰρ</span> <span class='ocrx_word' id='word_1_256' title='bbox 1681 2302 1771 2355; x_wconf 81' lang='grc' dir='ltr'><strong>τὸν</strong></span> 
     </span>
    </p>
   </div>
   <div class='ocr_carea' id='block_1_42' title="bbox 188 2392 1773 2469">
    <p class='ocr_par' dir='ltr' id='par_1_42' title="bbox 188 2392 1773 2469">
     <span class='ocr_line' id='line_1_42' title="bbox 188 2392 1773 2469; baseline -0.006 -15"><span class='ocrx_word' id='word_1_257' title='bbox 188 2400 286 2454; x_wconf 78' lang='grc' dir='ltr'>τοῦ</span> <span class='ocrx_word' id='word_1_258' title='bbox 314 2398 572 2469; x_wconf 80' lang='grc' dir='ltr'>βασιλέως</span> <span class='ocrx_word' id='word_1_259' title='bbox 609 2394 846 2465; x_wconf 83' lang='grc' dir='ltr'>Ἡρώδου</span> <span class='ocrx_word' id='word_1_260' title='bbox 878 2392 1107 2446; x_wconf 83' lang='grc' dir='ltr'>θάνατον</span> <span class='ocrx_word' id='word_1_261' title='bbox 1128 2394 1206 2455; x_wconf 81' lang='grc' dir='ltr'><strong>είς</strong></span> <span class='ocrx_word' id='word_1_262' title='bbox 1232 2393 1560 2465; x_wconf 85' lang='grc' dir='ltr'>τετραρχίας</span> <span class='ocrx_word' id='word_1_263' title='bbox 1581 2394 1773 2446; x_wconf 82' lang='grc' dir='ltr'>διεῖλον</span> 
     </span>
    </p>
   </div>
   <div class='ocr_carea' id='block_1_43' title="bbox 191 2484 1775 2559">
    <p class='ocr_par' dir='ltr' id='par_1_43' title="bbox 191 2484 1775 2559">
     <span class='ocr_line' id='line_1_43' title="bbox 191 2484 1775 2559; baseline -0.004 -15"><span class='ocrx_word' id='word_1_264' title='bbox 191 2494 242 2543; x_wconf 74' lang='grc' dir='ltr'>οἱ</span> <span class='ocrx_word' id='word_1_265' title='bbox 287 2491 545 2559; x_wconf 76' lang='grc' dir='ltr'>Ῥωμαῖοι</span> <span class='ocrx_word' id='word_1_266' title='bbox 581 2488 679 2556; x_wconf 85' lang='grc' dir='ltr'>τὴν</span> <span class='ocrx_word' id='word_1_267' title='bbox 714 2484 993 2555; x_wconf 78' lang='grc' dir='ltr'>βασιλείαν</span> <span class='ocrx_word' id='word_1_268' title='bbox 1027 2484 1190 2536; x_wconf 79' lang='grc' dir='ltr'>αὑτοῦ</span> <span class='ocrx_word' id='word_1_269' title='bbox 1216 2527 1231 2550; x_wconf 87' lang='grc'><strong>,</strong></span> <span class='ocrx_word' id='word_1_270' title='bbox 1276 2487 1305 2537; x_wconf 84' lang='grc' dir='ltr'>ὁ</span> <span class='ocrx_word' id='word_1_271' title='bbox 1338 2486 1394 2537; x_wconf 79' lang='grc' dir='ltr'>δὲ</span> <span class='ocrx_word' id='word_1_272' title='bbox 1427 2484 1614 2537; x_wconf 87' lang='grc' dir='ltr'>τούτου</span> <span class='ocrx_word' id='word_1_273' title='bbox 1657 2485 1775 2547; x_wconf 81' lang='grc' dir='ltr'>υίὸς</span> 
     </span>
    </p>
   </div>
   <div class='ocr_carea' id='block_1_44' title="bbox 192 2569 1775 2653">
    <p class='ocr_par' dir='ltr' id='par_1_44' title="bbox 192 2569 1775 2653">
     <span class='ocr_line' id='line_1_44' title="bbox 192 2569 1775 2653; baseline -0.005 -18"><span class='ocrx_word' id='word_1_274' title='bbox 192 2583 253 2635; x_wconf 85' lang='grc' dir='ltr'><strong>ἐν</strong></span> <span class='ocrx_word' id='word_1_275' title='bbox 289 2582 452 2653; x_wconf 84' lang='grc' dir='ltr'>μέρος</span> <span class='ocrx_word' id='word_1_276' title='bbox 499 2580 596 2650; x_wconf 80' lang='grc' dir='ltr'>τῆς</span> <span class='ocrx_word' id='word_1_277' title='bbox 629 2575 957 2648; x_wconf 83' lang='grc' dir='ltr'>τετραρχίας</span> <span class='ocrx_word' id='word_1_278' title='bbox 1004 2571 1182 2645; x_wconf 82' lang='grc' dir='ltr'>εἶχεν·</span> <span class='ocrx_word' id='word_1_279' title='bbox 1225 2569 1379 2638; x_wconf 76' lang='grc' dir='ltr'>οὗτος</span> <span class='ocrx_word' id='word_1_280' title='bbox 1419 2574 1475 2627; x_wconf 78' lang='grc' dir='ltr'>δὲ</span> <span class='ocrx_word' id='word_1_281' title='bbox 1513 2571 1580 2645; x_wconf 80' lang='grc' dir='ltr'>ἦν</span> <span class='ocrx_word' id='word_1_282' title='bbox 1612 2575 1642 2627; x_wconf 82' lang='grc' dir='ltr'>ὁ</span> <span class='ocrx_word' id='word_1_283' title='bbox 1685 2573 1775 2627; x_wconf 78' lang='grc' dir='ltr'>τὸν</span> 
     </span>
    </p>
   </div>
   <div class='ocr_carea' id='block_1_45' title="bbox 198 2664 1778 2744">
    <p class='ocr_par' dir='ltr' id='par_1_45' title="bbox 198 2664 1778 2744">
     <span class='ocr_line' id='line_1_45' title="bbox 198 2664 1778 2744; baseline -0.006 -18"><span class='ocrx_word' id='word_1_284' title='bbox 198 2674 509 2744; x_wconf 86' lang='grc' dir='ltr'>Πρόδρομον</span> <span class='ocrx_word' id='word_1_285' title='bbox 539 2669 927 2741; x_wconf 78' lang='grc' dir='ltr'>καρατομήσας</span> <span class='ocrx_word' id='word_1_286' title='bbox 950 2707 965 2731; x_wconf 89' lang='grc'><strong>,</strong></span> <span class='ocrx_word' id='word_1_287' title='bbox 1003 2668 1095 2717; x_wconf 75' lang='grc' dir='ltr'>καὶ</span> <span class='ocrx_word' id='word_1_288' title='bbox 1139 2665 1226 2719; x_wconf 78' lang='grc' dir='ltr'><strong>διὰ</strong></span> <span class='ocrx_word' id='word_1_289' title='bbox 1268 2665 1432 2718; x_wconf 82' lang='grc' dir='ltr'>τοῦτο</span> <span class='ocrx_word' id='word_1_290' title='bbox 1461 2664 1617 2729; x_wconf 83' lang='grc' dir='ltr'>δίκας</span> <span class='ocrx_word' id='word_1_291' title='bbox 1646 2665 1778 2718; x_wconf 80' lang='grc' dir='ltr'>ἐδωο</span> 
     </span>
    </p>
   </div>
   <div class='ocr_carea' id='block_1_46' title="bbox 192 2759 792 2832">
    <p class='ocr_par' dir='ltr' id='par_1_46' title="bbox 192 2759 792 2832">
     <span class='ocr_line' id='line_1_46' title="bbox 192 2759 792 2832; baseline -0.012 -13"><span class='ocrx_word' id='word_1_292' title='bbox 192 2782 292 2820; x_wconf 80' lang='grc' dir='ltr'><strong>κεν</strong></span> <span class='ocrx_word' id='word_1_293' title='bbox 315 2764 413 2816; x_wconf 82' lang='grc' dir='ltr'><strong>οὐκ</strong></span> <span class='ocrx_word' id='word_1_294' title='bbox 436 2765 515 2825; x_wconf 87' lang='grc' dir='ltr'><strong>είς</strong></span> <span class='ocrx_word' id='word_1_295' title='bbox 553 2759 792 2832; x_wconf 82' lang='grc' dir='ltr'>μακράν.</span> 
     </span>
    </p>
   </div>
   <div class='ocr_carea' id='block_1_47' title="bbox 270 2845 1777 2925">
    <p class='ocr_par' dir='ltr' id='par_1_47' title="bbox 270 2845 1777 2925">
     <span class='ocr_line' id='line_1_47' title="bbox 270 2845 1777 2925; baseline -0.005 -18"><span class='ocrx_word' id='word_1_296' title='bbox 270 2854 418 2925; x_wconf 87' lang='grc' dir='ltr'>Στίχ.</span> <span class='ocrx_word' id='word_1_297' title='bbox 453 2852 550 2908; x_wconf 88' lang='grc' dir='ltr'>κε’.</span> <span class='ocrx_word' id='word_1_298' title='bbox 575 2881 647 2891; x_wconf 91' lang='lat'><strong>——</strong></span> <span class='ocrx_word' id='word_1_299' title='bbox 677 2851 956 2921; x_wconf 81' lang='grc' dir='ltr'>Τετάρτην</span> <span class='ocrx_word' id='word_1_300' title='bbox 984 2850 1059 2914; x_wconf 82' lang='grc' dir='ltr'><strong>(ι)</strong></span> <span class='ocrx_word' id='word_1_301' title='bbox 1101 2847 1248 2915; x_wconf 85' lang='grc' dir='ltr'>λέγει</span> <span class='ocrx_word' id='word_1_302' title='bbox 1288 2846 1529 2917; x_wconf 83' lang='grc' dir='ltr'>φυλακὴν</span> <span class='ocrx_word' id='word_1_303' title='bbox 1558 2845 1654 2917; x_wconf 84' lang='grc' dir='ltr'>τῆς</span> <span class='ocrx_word' id='word_1_304' title='bbox 1683 2864 1777 2900; x_wconf 88' lang='grc' dir='ltr'>νυ-</span> 
     </span>
    </p>
   </div>
   <div class='ocr_carea' id='block_1_48' title="bbox 197 2938 1780 3018">
    <p class='ocr_par' dir='ltr' id='par_1_48' title="bbox 197 2938 1780 3018">
     <span class='ocr_line' id='line_1_48' title="bbox 197 2938 1780 3018; baseline -0.008 -16"><span class='ocrx_word' id='word_1_305' title='bbox 197 2949 326 3011; x_wconf 80' lang='grc' dir='ltr'>κτὸς</span> <span class='ocrx_word' id='word_1_306' title='bbox 361 2946 457 3018; x_wconf 80' lang='grc' dir='ltr'>τὴν</span> <span class='ocrx_word' id='word_1_307' title='bbox 491 2944 750 3016; x_wconf 86' lang='grc' dir='ltr'>τριωρίαν</span> <span class='ocrx_word' id='word_1_308' title='bbox 781 2944 877 3014; x_wconf 76' lang='grc' dir='ltr'><strong>τὴν</strong></span> <span class='ocrx_word' id='word_1_309' title='bbox 916 2943 1055 2995; x_wconf 73' lang='grc' dir='ltr'>μετὰ</span> <span class='ocrx_word' id='word_1_310' title='bbox 1106 2941 1204 3011; x_wconf 83' lang='grc' dir='ltr'>τὴν</span> <span class='ocrx_word' id='word_1_311' title='bbox 1255 2940 1449 3010; x_wconf 77' lang='grc' dir='ltr'>ἐνάτην</span> <span class='ocrx_word' id='word_1_312' title='bbox 1487 2938 1637 3009; x_wconf 85' lang='grc' dir='ltr'>ὥραν</span> <span class='ocrx_word' id='word_1_313' title='bbox 1682 2940 1780 3010; x_wconf 82' lang='grc' dir='ltr'>τῆς</span> 
     </span>
    </p>
   </div>
   <div class='ocr_carea' id='block_1_49' title="bbox 196 3038 413 3100">
    <p class='ocr_par' dir='ltr' id='par_1_49' title="bbox 196 3038 413 3100">
     <span class='ocr_line' id='line_1_49' title="bbox 196 3038 413 3100; baseline -0.005 -9"><span class='ocrx_word' id='word_1_314' title='bbox 196 3038 413 3100; x_wconf 73' lang='grc' dir='ltr'>νυκτός.</span> 
     </span>
    </p>
   </div>
   <div class='ocr_carea' id='block_1_50' title="bbox 852 3123 1149 3178">
    <p class='ocr_par' dir='ltr' id='par_1_50' title="bbox 852 3123 1149 3178">
     <span class='ocr_line' id='line_1_50' title="bbox 852 3123 1149 3178; baseline 0 0"><span class='ocrx_word' id='word_1_315' title='bbox 852 3126 1008 3178; x_wconf 81' lang='grc' dir='ltr'><strong>ΚΕΦ.</strong></span> <span class='ocrx_word' id='word_1_316' title='bbox 1046 3123 1149 3178; x_wconf 81' lang='grc' dir='ltr'><strong>ΙΕ’.</strong></span> 
     </span>
    </p>
   </div>
   <div class='ocr_carea' id='block_1_51' title="bbox 272 3208 1784 3289">
    <p class='ocr_par' dir='ltr' id='par_1_51' title="bbox 272 3208 1784 3289">
     <span class='ocr_line' id='line_1_51' title="bbox 272 3208 1784 3289; baseline -0.007 -17"><span class='ocrx_word' id='word_1_317' title='bbox 272 3219 421 3289; x_wconf 84' lang='grc' dir='ltr'>Στίχ.</span> <span class='ocrx_word' id='word_1_318' title='bbox 449 3224 536 3286; x_wconf 90' lang='grc' dir='ltr'>ιγ’.</span> <span class='ocrx_word' id='word_1_319' title='bbox 558 3246 626 3255; x_wconf 95' lang='lat'><strong>—</strong></span> <span class='ocrx_word' id='word_1_320' title='bbox 643 3216 931 3285; x_wconf 82' lang='grc' dir='ltr'>Μανιχαῖοι</span> <span class='ocrx_word' id='word_1_321' title='bbox 963 3216 1019 3268; x_wconf 85' lang='grc' dir='ltr'>δὲ</span> <span class='ocrx_word' id='word_1_322' title='bbox 1052 3213 1362 3283; x_wconf 82' lang='grc' dir='ltr'>βουλόμενοι</span> <span class='ocrx_word' id='word_1_323' title='bbox 1390 3208 1661 3263; x_wconf 77' lang='grc' dir='ltr'>δεικνύναι</span> <span class='ocrx_word' id='word_1_324' title='bbox 1692 3208 1784 3262; x_wconf 69' lang='grc' dir='ltr'>τὸν</span> 
     </span>
    </p>
   </div>
   <div class='ocr_carea' id='block_1_52' title="bbox 201 3296 1785 3381">
    <p class='ocr_par' dir='ltr' id='par_1_52' title="bbox 201 3296 1785 3381">
     <span class='ocr_line' id='line_1_52' title="bbox 201 3296 1785 3381; baseline -0.009 -17"><span class='ocrx_word' id='word_1_325' title='bbox 201 3312 367 3381; x_wconf 85' lang='grc' dir='ltr'>νόμον</span> <span class='ocrx_word' id='word_1_326' title='bbox 403 3309 501 3362; x_wconf 77' lang='grc' dir='ltr'><strong>οὐκ</strong></span> <span class='ocrx_word' id='word_1_327' title='bbox 559 3302 696 3359; x_wconf 82' lang='grc' dir='ltr'>εἶναι</span> <span class='ocrx_word' id='word_1_328' title='bbox 745 3306 838 3358; x_wconf 76' lang='grc' dir='ltr'>τοῦ</span> <span class='ocrx_word' id='word_1_329' title='bbox 892 3304 1102 3373; x_wconf 84' lang='grc' dir='ltr'>Πατρὸς</span> <span class='ocrx_word' id='word_1_330' title='bbox 1148 3302 1240 3355; x_wconf 76' lang='grc' dir='ltr'>τοῦ</span> <span class='ocrx_word' id='word_1_331' title='bbox 1289 3298 1564 3371; x_wconf 79' lang='grc' dir='ltr'>Χριστοῦ,</span> <span class='ocrx_word' id='word_1_332' title='bbox 1614 3296 1785 3367; x_wconf 86' lang='grc' dir='ltr'>ταύτῃ</span> 
     </span>
    </p>
   </div>
   <div class='ocr_carea' id='block_1_53' title="bbox 200 3387 1786 3473">
    <p class='ocr_par' dir='ltr' id='par_1_53' title="bbox 200 3387 1786 3473">
     <span class='ocr_line' id='line_1_53' title="bbox 200 3387 1786 3473; baseline -0.009 -17"><span class='ocrx_word' id='word_1_333' title='bbox 200 3404 499 3473; x_wconf 83' lang='grc' dir='ltr'>κέχρηνται</span> <span class='ocrx_word' id='word_1_334' title='bbox 536 3401 600 3469; x_wconf 76' lang='grc' dir='ltr'>τῇ</span> <span class='ocrx_word' id='word_1_335' title='bbox 644 3396 940 3468; x_wconf 65' lang='grc' dir='ltr'>μαρτυρίᾳ,</span> <span class='ocrx_word' id='word_1_336' title='bbox 975 3397 1223 3447; x_wconf 82' lang='grc' dir='ltr'>πλεῖστον</span> <span class='ocrx_word' id='word_1_337' title='bbox 1246 3393 1369 3445; x_wconf 84' lang='grc' dir='ltr'>ὅσον</span> <span class='ocrx_word' id='word_1_338' title='bbox 1392 3391 1491 3460; x_wconf 82' lang='grc' dir='ltr'><strong>τῆς</strong></span> <span class='ocrx_word' id='word_1_339' title='bbox 1527 3387 1786 3459; x_wconf 77' lang='grc' dir='ltr'>ἀληθείας</span> 
     </span>
    </p>
   </div>
   <div class='ocr_carea' id='block_1_54' title="bbox 200 3479 1785 3561">
    <p class='ocr_par' dir='ltr' id='par_1_54' title="bbox 200 3479 1785 3561">
     <span class='ocr_line' id='line_1_54' title="bbox 200 3479 1785 3561; baseline -0.011 -13"><span class='ocrx_word' id='word_1_340' title='bbox 200 3492 607 3561; x_wconf 79' lang='grc' dir='ltr'>ἀποσφαλέντες</span> <span class='ocrx_word' id='word_1_341' title='bbox 634 3508 646 3521; x_wconf 73' lang='grc'><strong><em>⁸</em></strong></span> <span class='ocrx_word' id='word_1_342' title='bbox 682 3492 742 3542; x_wconf 83' lang='grc' dir='ltr'><strong>ού</strong></span> <span class='ocrx_word' id='word_1_343' title='bbox 787 3488 895 3559; x_wconf 74' lang='grc' dir='ltr'>γὰρ</span> <span class='ocrx_word' id='word_1_344' title='bbox 944 3488 1073 3557; x_wconf 76' lang='grc' dir='ltr'>περὶ</span> <span class='ocrx_word' id='word_1_345' title='bbox 1121 3486 1220 3555; x_wconf 78' lang='grc' dir='ltr'>τῆς</span> <span class='ocrx_word' id='word_1_346' title='bbox 1258 3483 1399 3536; x_wconf 79' lang='grc' dir='ltr'>κατὰ</span> <span class='ocrx_word' id='word_1_347' title='bbox 1437 3482 1600 3551; x_wconf 85' lang='grc' dir='ltr'>νόμον</span> <span class='ocrx_word' id='word_1_348' title='bbox 1638 3479 1785 3548; x_wconf 85' lang='grc' dir='ltr'>λέγει</span> 
     </span>
    </p>
   </div>
   <div class='ocr_carea' id='block_1_55' title="bbox 202 3569 1785 3655">
    <p class='ocr_par' dir='ltr' id='par_1_55' title="bbox 202 3569 1785 3655">
     <span class='ocr_line' id='line_1_55' title="bbox 202 3569 1785 3655; baseline -0.011 -15"><span class='ocrx_word' id='word_1_349' title='bbox 202 3588 508 3655; x_wconf 85' lang='grc' dir='ltr'>διαγωγῆς,</span> <span class='ocrx_word' id='word_1_350' title='bbox 558 3583 694 3637; x_wconf 76' lang='grc' dir='ltr'>ἀλλὰ</span> <span class='ocrx_word' id='word_1_351' title='bbox 752 3581 851 3650; x_wconf 81' lang='grc' dir='ltr'><strong>τῆς</strong></span> <span class='ocrx_word' id='word_1_352' title='bbox 898 3579 1006 3632; x_wconf 82' lang='grc' dir='ltr'><strong>τῶν</strong></span> <span class='ocrx_word' id='word_1_353' title='bbox 1045 3576 1352 3646; x_wconf 80' lang='grc' dir='ltr'>Φαρισαίων</span> <span class='ocrx_word' id='word_1_354' title='bbox 1398 3573 1695 3645; x_wconf 80' lang='grc' dir='ltr'>αἱρέσεως,</span> <span class='ocrx_word' id='word_1_355' title='bbox 1737 3569 1785 3622; x_wconf 86' lang='grc' dir='ltr'>οἳ</span> 
     </span>
    </p>
   </div>
   <div class='ocr_carea' id='block_1_56' title="bbox 202 3660 1785 3739">
    <p class='ocr_par' dir='ltr' id='par_1_56' title="bbox 202 3660 1785 3739">
     <span class='ocr_line' id='line_1_56' title="bbox 202 3660 1785 3739; baseline -0.012 -8"><span class='ocrx_word' id='word_1_356' title='bbox 202 3680 325 3739; x_wconf 85' lang='grc' dir='ltr'>ταῖς</span> <span class='ocrx_word' id='word_1_357' title='bbox 364 3675 591 3736; x_wconf 79' lang='grc' dir='ltr'>οἰκείαις</span> <span class='ocrx_word' id='word_1_358' title='bbox 622 3672 882 3733; x_wconf 77' lang='grc' dir='ltr'>ἐπινοίαις</span> <span class='ocrx_word' id='word_1_359' title='bbox 916 3670 1142 3722; x_wconf 84' lang='grc' dir='ltr'>πλεῖστα</span> <span class='ocrx_word' id='word_1_360' title='bbox 1188 3665 1406 3719; x_wconf 87' lang='grc' dir='ltr'>ἐναντία</span> <span class='ocrx_word' id='word_1_361' title='bbox 1436 3665 1562 3726; x_wconf 75' lang='grc' dir='ltr'>τοὺς</span> <span class='ocrx_word' id='word_1_362' title='bbox 1601 3660 1785 3714; x_wconf 85' lang='grc' dir='ltr'>πειθο-</span> 
     </span>
    </p>
   </div>
   <div class='ocr_carea' id='block_1_57' title="bbox 208 3753 1787 3838">
    <p class='ocr_par' dir='ltr' id='par_1_57' title="bbox 208 3753 1787 3838">
     <span class='ocr_line' id='line_1_57' title="bbox 208 3753 1787 3838; baseline -0.011 -17"><span class='ocrx_word' id='word_1_363' title='bbox 208 3769 401 3838; x_wconf 80' lang='grc' dir='ltr'>μένους</span> <span class='ocrx_word' id='word_1_364' title='bbox 430 3768 611 3828; x_wconf 85' lang='grc' dir='ltr'>αὑτοῖς</span> <span class='ocrx_word' id='word_1_365' title='bbox 634 3764 1000 3828; x_wconf 84' lang='grc' dir='ltr'>ἐξεπαίδευον,</span> <span class='ocrx_word' id='word_1_366' title='bbox 1030 3758 1208 3822; x_wconf 84' lang='grc' dir='ltr'>καθὼς</span> <span class='ocrx_word' id='word_1_367' title='bbox 1238 3758 1331 3811; x_wconf 72' lang='grc' dir='ltr'>καὶ</span> <span class='ocrx_word' id='word_1_368' title='bbox 1352 3756 1512 3817; x_wconf 80' lang='grc' dir='ltr'>αὐτὸς</span> <span class='ocrx_word' id='word_1_369' title='bbox 1540 3757 1568 3808; x_wconf 86' lang='grc' dir='ltr'>ὁ</span> <span class='ocrx_word' id='word_1_370' title='bbox 1586 3753 1787 3825; x_wconf 84' lang='grc' dir='ltr'>Κύριος</span> 
     </span>
    </p>
   </div>
   <div class='ocr_carea' id='block_1_58' title="bbox 204 3847 1460 3929">
    <p class='ocr_par' dir='ltr' id='par_1_58' title="bbox 204 3847 1460 3929">
     <span class='ocr_line' id='line_1_58' title="bbox 204 3847 1460 3929; baseline -0.01 -16"><span class='ocrx_word' id='word_1_371' title='bbox 204 3858 465 3929; x_wconf 82' lang='grc' dir='ltr'>ἀνωτέρω</span> <span class='ocrx_word' id='word_1_372' title='bbox 486 3856 731 3925; x_wconf 85' lang='grc' dir='ltr'>φαίνεται</span> <span class='ocrx_word' id='word_1_373' title='bbox 763 3854 947 3922; x_wconf 72' lang='grc' dir='ltr'>σαφῶς</span> <span class='ocrx_word' id='word_1_374' title='bbox 972 3852 1211 3921; x_wconf 75' lang='grc' dir='ltr'>ἐλέγχων</span> <span class='ocrx_word' id='word_1_375' title='bbox 1241 3847 1460 3911; x_wconf 78' lang='grc' dir='ltr'>αὐτούς.</span> 
     </span>
    </p>
   </div>
   <div class='ocr_carea' id='block_1_59' title="bbox 281 3934 1789 4018">
    <p class='ocr_par' dir='ltr' id='par_1_59' title="bbox 281 3934 1789 4018">
     <span class='ocr_line' id='line_1_59' title="bbox 281 3934 1789 4018; baseline -0.009 -17"><span class='ocrx_word' id='word_1_376' title='bbox 281 3948 429 4018; x_wconf 85' lang='grc' dir='ltr'>Στίχ.</span> <span class='ocrx_word' id='word_1_377' title='bbox 460 3946 553 3999; x_wconf 87' lang='grc' dir='ltr'>λδ’.</span> <span class='ocrx_word' id='word_1_378' title='bbox 587 3974 659 3985; x_wconf 90' lang='lat'><strong>—-</strong></span> <span class='ocrx_word' id='word_1_379' title='bbox 685 3943 850 3998; x_wconf 75' lang='grc' dir='ltr'>Οὔπω</span> <span class='ocrx_word' id='word_1_380' title='bbox 878 3943 976 4013; x_wconf 80' lang='grc' dir='ltr'>τὴν</span> <span class='ocrx_word' id='word_1_381' title='bbox 999 3941 1252 4011; x_wconf 79' lang='grc' dir='ltr'>βούλησιν</span> <span class='ocrx_word' id='word_1_382' title='bbox 1280 3938 1519 4007; x_wconf 82' lang='grc' dir='ltr'>συνῆκαν</span> <span class='ocrx_word' id='word_1_383' title='bbox 1539 3977 1552 3999; x_wconf 92' lang='grc'><strong>,</strong></span> <span class='ocrx_word' id='word_1_384' title='bbox 1581 3936 1662 3989; x_wconf 82' lang='grc' dir='ltr'><strong>ὅτι</strong></span> <span class='ocrx_word' id='word_1_385' title='bbox 1688 3934 1789 4005; x_wconf 86' lang='grc' dir='ltr'>τὴν</span> 
     </span>
    </p>
   </div>
   <div class='ocr_carea' id='block_1_60' title="bbox 208 4024 1788 4105">
    <p class='ocr_par' dir='ltr' id='par_1_60' title="bbox 208 4024 1788 4105">
     <span class='ocr_line' id='line_1_60' title="bbox 208 4024 1788 4105; baseline -0.01 -12"><span class='ocrx_word' id='word_1_386' title='bbox 208 4041 304 4093; x_wconf 82' lang='grc' dir='ltr'><strong>ἐπὶ</strong></span> <span class='ocrx_word' id='word_1_387' title='bbox 334 4042 453 4101; x_wconf 79' lang='grc' dir='ltr'>ταῖς</span> <span class='ocrx_word' id='word_1_388' title='bbox 481 4038 709 4105; x_wconf 82' lang='grc' dir='ltr'>τροφαῖς</span> <span class='ocrx_word' id='word_1_389' title='bbox 738 4030 893 4096; x_wconf 78' lang='grc' dir='ltr'>αὖθις</span> <span class='ocrx_word' id='word_1_390' title='bbox 925 4029 1372 4101; x_wconf 86' lang='grc' dir='ltr'>θαυματουργίαν</span> <span class='ocrx_word' id='word_1_391' title='bbox 1402 4027 1542 4097; x_wconf 75' lang='grc' dir='ltr'>ὑπὲρ</span> <span class='ocrx_word' id='word_1_392' title='bbox 1576 4026 1674 4095; x_wconf 79' lang='grc' dir='ltr'>τῆς</span> <span class='ocrx_word' id='word_1_393' title='bbox 1700 4024 1788 4078; x_wconf 86' lang='grc' dir='ltr'>πί-</span> 
     </span>
    </p>
   </div>
   <div class='ocr_carea' id='block_1_61' title="bbox 212 4118 1793 4198">
    <p class='ocr_par' dir='ltr' id='par_1_61' title="bbox 212 4118 1793 4198">
     <span class='ocr_line' id='line_1_61' title="bbox 212 4118 1793 4198; baseline -0.009 -15"><span class='ocrx_word' id='word_1_394' title='bbox 212 4147 385 4192; x_wconf 85' lang='grc' dir='ltr'>στεως</span> <span class='ocrx_word' id='word_1_395' title='bbox 424 4130 452 4180; x_wconf 83' lang='grc' dir='ltr'>ὁ</span> <span class='ocrx_word' id='word_1_396' title='bbox 483 4130 685 4198; x_wconf 82' lang='grc' dir='ltr'>Κύριος</span> <span class='ocrx_word' id='word_1_397' title='bbox 730 4124 981 4177; x_wconf 75' lang='grc' dir='ltr'>ἐϐούλετο</span> <span class='ocrx_word' id='word_1_398' title='bbox 1006 4120 1404 4193; x_wconf 84' lang='grc' dir='ltr'>παρασχέσθαι,</span> <span class='ocrx_word' id='word_1_399' title='bbox 1433 4118 1609 4172; x_wconf 82' lang='grc' dir='ltr'>καίτοι</span> <span class='ocrx_word' id='word_1_400' title='bbox 1637 4118 1670 4188; x_wconf 80' lang='grc' dir='ltr'>ἡ</span> <span class='ocrx_word' id='word_1_401' title='bbox 1702 4120 1793 4171; x_wconf 86' lang='grc' dir='ltr'>ἐπ-</span> 
     </span>
    </p>
   </div>
   <div class='ocr_carea' id='block_1_62' title="bbox 210 4209 1792 4293">
    <p class='ocr_par' dir='ltr' id='par_1_62' title="bbox 210 4209 1792 4293">
     <span class='ocr_line' id='line_1_62' title="bbox 210 4209 1792 4293; baseline -0.011 -17"><span class='ocrx_word' id='word_1_402' title='bbox 210 4222 484 4293; x_wconf 85' lang='grc' dir='ltr'>ερώτησις</span> <span class='ocrx_word' id='word_1_403' title='bbox 517 4222 595 4282; x_wconf 75' lang='grc' dir='ltr'><strong>εἰς</strong></span> <span class='ocrx_word' id='word_1_404' title='bbox 628 4217 786 4271; x_wconf 82' lang='grc' dir='ltr'>τοῦτο</span> <span class='ocrx_word' id='word_1_405' title='bbox 819 4216 951 4270; x_wconf 77' lang='grc' dir='ltr'>αὐτὸ</span> <span class='ocrx_word' id='word_1_406' title='bbox 981 4215 1333 4283; x_wconf 79' lang='grc' dir='ltr'>διανίστησιν,</span> <span class='ocrx_word' id='word_1_407' title='bbox 1365 4213 1441 4273; x_wconf 85' lang='grc' dir='ltr'>ὼς</span> <span class='ocrx_word' id='word_1_408' title='bbox 1471 4212 1500 4263; x_wconf 86' lang='grc' dir='ltr'>ὁ</span> <span class='ocrx_word' id='word_1_409' title='bbox 1543 4209 1792 4276; x_wconf 77' lang='grc' dir='ltr'>Ἰωάννης</span> 
     </span>
    </p>
   </div>
   <div class='ocr_carea' id='block_1_63' title="bbox 210 4298 1791 4379">
    <p class='ocr_par' dir='ltr' id='par_1_63' title="bbox 210 4298 1791 4379">
     <span class='ocr_line' id='line_1_63' title="bbox 210 4298 1791 4379; baseline -0.01 -12"><span class='ocrx_word' id='word_1_410' title='bbox 210 4314 455 4367; x_wconf 78' lang='grc' dir='ltr'>διδάσκει</span> <span class='ocrx_word' id='word_1_411' title='bbox 482 4309 561 4379; x_wconf 83' lang='grc' dir='ltr'>τῷ</span> <span class='ocrx_word' id='word_1_412' title='bbox 585 4325 599 4340; x_wconf 74' lang='grc' dir='ltr'><strong>ο</strong></span> <span class='ocrx_word' id='word_1_413' title='bbox 639 4309 831 4363; x_wconf 79' lang='grc' dir='ltr'>Πόθεν</span> <span class='ocrx_word' id='word_1_414' title='bbox 858 4305 1244 4377; x_wconf 81' lang='grc' dir='ltr'>ἀγοράσωμεν</span> <span class='ocrx_word' id='word_1_415' title='bbox 1271 4301 1516 4372; x_wconf 79' lang='grc' dir='ltr'>ἄρτους,</span> <span class='ocrx_word' id='word_1_416' title='bbox 1550 4302 1649 4354; x_wconf 79' lang='grc' dir='ltr'><strong>ἵνα</strong></span> <span class='ocrx_word' id='word_1_417' title='bbox 1677 4298 1791 4369; x_wconf 69' lang='grc' dir='ltr'><strong>φάο</strong></span> 
     </span>
    </p>
   </div>
   <div class='ocr_carea' id='block_1_64' title="bbox 213 4398 626 4477">
    <p class='ocr_par' dir='ltr' id='par_1_64' title="bbox 213 4398 626 4477">
     <span class='ocr_line' id='line_1_64' title="bbox 213 4398 626 4477; baseline -0.015 -18"><span class='ocrx_word' id='word_1_418' title='bbox 213 4419 403 4477; x_wconf 76' lang='grc' dir='ltr'>τωσιν</span> <span class='ocrx_word' id='word_1_419' title='bbox 425 4398 626 4466; x_wconf 85' lang='grc' dir='ltr'>οὗτοι;</span> 
     </span>
    </p>
   </div>
   <div class='ocr_carea' id='block_1_65' title="bbox 297 4479 1788 4562">
    <p class='ocr_par' dir='ltr' id='par_1_65' title="bbox 297 4479 1788 4562">
     <span class='ocr_line' id='line_1_65' title="bbox 297 4479 1788 4562; baseline -0.009 -15"><span class='ocrx_word' id='word_1_420' title='bbox 297 4492 578 4548; x_wconf 75' lang='grc' dir='ltr'>Ἐϐούλετο</span> <span class='ocrx_word' id='word_1_421' title='bbox 615 4490 723 4562; x_wconf 85' lang='grc' dir='ltr'>γὰρ</span> <span class='ocrx_word' id='word_1_422' title='bbox 762 4486 1222 4558; x_wconf 77' lang='grc' dir='ltr'>διαγυμνάζεσθαι</span> <span class='ocrx_word' id='word_1_423' title='bbox 1255 4484 1352 4553; x_wconf 79' lang='grc' dir='ltr'>τὴν</span> <span class='ocrx_word' id='word_1_424' title='bbox 1389 4482 1495 4535; x_wconf 84' lang='grc' dir='ltr'><strong>τῶν</strong></span> <span class='ocrx_word' id='word_1_425' title='bbox 1533 4479 1788 4552; x_wconf 83' lang='grc' dir='ltr'>μαθητῶν</span> 
     </span>
    </p>
   </div>
   <div class='ocr_carea' id='block_1_66' title="bbox 213 4569 1787 4659">
    <p class='ocr_par' dir='ltr' id='par_1_66' title="bbox 213 4569 1787 4659">
     <span class='ocr_line' id='line_1_66' title="bbox 213 4569 1787 4659; baseline -0.013 -18"><span class='ocrx_word' id='word_1_426' title='bbox 213 4588 391 4659; x_wconf 78' lang='grc' dir='ltr'>ψυχὴν</span> <span class='ocrx_word' id='word_1_427' title='bbox 435 4588 514 4649; x_wconf 84' lang='grc' dir='ltr'><strong>είς</strong></span> <span class='ocrx_word' id='word_1_428' title='bbox 543 4584 605 4637; x_wconf 79' lang='grc' dir='ltr'>τὸ</span> <span class='ocrx_word' id='word_1_429' title='bbox 642 4581 916 4636; x_wconf 82' lang='grc' dir='ltr'>πιστεύειν</span> <span class='ocrx_word' id='word_1_430' title='bbox 959 4584 1024 4650; x_wconf 83' lang='grc' dir='ltr'>τῇ</span> <span class='ocrx_word' id='word_1_431' title='bbox 1061 4579 1181 4648; x_wconf 78' lang='grc' dir='ltr'>θείᾳ</span> <span class='ocrx_word' id='word_1_432' title='bbox 1213 4574 1377 4629; x_wconf 78' lang='grc' dir='ltr'>αὐτοῦ</span> <span class='ocrx_word' id='word_1_433' title='bbox 1420 4573 1678 4640; x_wconf 79' lang='grc' dir='ltr'>δυνάμει,</span> <span class='ocrx_word' id='word_1_434' title='bbox 1708 4569 1787 4621; x_wconf 80' lang='grc' dir='ltr'>ὅτι</span> 
     </span>
    </p>
   </div>
   <div class='ocr_carea' id='block_1_67' title="bbox 218 4659 1791 4754">
    <p class='ocr_par' dir='ltr' id='par_1_67' title="bbox 218 4659 1791 4754">
     <span class='ocr_line' id='line_1_67' title="bbox 218 4659 1791 4754; baseline -0.015 -20"><span class='ocrx_word' id='word_1_435' title='bbox 218 4682 297 4754; x_wconf 81' lang='grc' dir='ltr'><strong>μὴ</strong></span> <span class='ocrx_word' id='word_1_436' title='bbox 324 4680 506 4746; x_wconf 84' lang='grc' dir='ltr'>λόγοις</span> <span class='ocrx_word' id='word_1_437' title='bbox 537 4676 718 4748; x_wconf 83' lang='grc' dir='ltr'>μόνον,</span> <span class='ocrx_word' id='word_1_438' title='bbox 744 4673 878 4727; x_wconf 75' lang='grc' dir='ltr'>ἀλλὰ</span> <span class='ocrx_word' id='word_1_439' title='bbox 901 4673 995 4725; x_wconf 68' lang='grc' dir='ltr'><strong>καὶ</strong></span> <span class='ocrx_word' id='word_1_440' title='bbox 1014 4670 1195 4741; x_wconf 74' lang='grc' dir='ltr'>ἔργοις</span> <span class='ocrx_word' id='word_1_441' title='bbox 1221 4669 1345 4730; x_wconf 75' lang='grc' dir='ltr'>τοὺς</span> <span class='ocrx_word' id='word_1_442' title='bbox 1371 4659 1791 4721; x_wconf 75' lang='grc' dir='ltr'>ἀκολουθοῦντας</span> 
     </span>
    </p>
   </div>
   <div class='ocr_carea' id='block_1_68' title="bbox 216 4772 525 4826">
    <p class='ocr_par' dir='ltr' id='par_1_68' title="bbox 216 4772 525 4826">
     <span class='ocr_line' id='line_1_68' title="bbox 216 4772 525 4826; baseline -0.01 0"><span class='ocrx_word' id='word_1_443' title='bbox 216 4772 525 4826; x_wconf 80' lang='grc' dir='ltr'>ἐπαίδευεν.</span> 
     </span>
    </p>
   </div>
   <div class='ocr_carea' id='block_1_69' title="bbox 290 4842 1794 4930">
    <p class='ocr_par' dir='ltr' id='par_1_69' title="bbox 290 4842 1794 4930">
     <span class='ocr_line' id='line_1_69' title="bbox 290 4842 1794 4930; baseline -0.016 -13"><span class='ocrx_word' id='word_1_444' title='bbox 290 4865 403 4917; x_wconf 84' lang='grc' dir='ltr'>Ούκ</span> <span class='ocrx_word' id='word_1_445' title='bbox 435 4858 751 4930; x_wconf 80' lang='grc' dir='ltr'>ἀγνοοῦντος</span> <span class='ocrx_word' id='word_1_446' title='bbox 776 4856 809 4927; x_wconf 84' lang='grc' dir='ltr'>ἡ</span> <span class='ocrx_word' id='word_1_447' title='bbox 841 4853 1128 4924; x_wconf 72' lang='grc' dir='ltr'>ἐρώτησις,</span> <span class='ocrx_word' id='word_1_448' title='bbox 1156 4850 1269 4903; x_wconf 82' lang='grc' dir='ltr'>ἀλλ’</span> <span class='ocrx_word' id='word_1_449' title='bbox 1304 4848 1396 4901; x_wconf 68' lang='grc' dir='ltr'><strong>ἐπὶ</strong></span> <span class='ocrx_word' id='word_1_450' title='bbox 1422 4845 1521 4917; x_wconf 81' lang='grc' dir='ltr'><strong>τὴν</strong></span> <span class='ocrx_word' id='word_1_451' title='bbox 1543 4842 1794 4913; x_wconf 80' lang='grc' dir='ltr'>αἴσθησιν</span> 
     </span>
    </p>
   </div>
   <div class='ocr_carea' id='block_1_70' title="bbox 216 4946 1183 5026">
    <p class='ocr_par' dir='ltr' id='par_1_70' title="bbox 216 4946 1183 5026">
     <span class='ocr_line' id='line_1_70' title="bbox 216 4946 1183 5026; baseline -0.018 -15"><span class='ocrx_word' id='word_1_452' title='bbox 216 4957 318 5026; x_wconf 83' lang='grc' dir='ltr'><strong>τῆς</strong></span> <span class='ocrx_word' id='word_1_453' title='bbox 353 4952 545 5007; x_wconf 81' lang='grc' dir='ltr'>ἐαυτοῦ</span> <span class='ocrx_word' id='word_1_454' title='bbox 568 4951 847 5019; x_wconf 71' lang='grc' dir='ltr'>δυνάμεως</span> <span class='ocrx_word' id='word_1_455' title='bbox 880 4946 1183 5012; x_wconf 77' lang='grc' dir='ltr'>ἐνάγοντος.</span> 
     </span>
    </p>
   </div>
   <div class='ocr_carea' id='block_1_71' title="bbox 1868 1842 3431 1915">
    <p class='ocr_par' dir='ltr' id='par_1_71' title="bbox 1868 1842 3431 1915">
     <span class='ocr_line' id='line_1_71' title="bbox 1868 1842 3431 1915; baseline 0 -17"><span class='ocrx_word' id='word_1_456' title='bbox 1868 1851 1922 1898; x_wconf 89' lang='lat' dir='ltr'><strong>et</strong></span> <span class='ocrx_word' id='word_1_457' title='bbox 1964 1844 2344 1898; x_wconf 88' lang='lat' dir='ltr'><strong>Samaritanos</strong></span> <span class='ocrx_word' id='word_1_458' title='bbox 2390 1852 2569 1897; x_wconf 82' lang='lat' dir='ltr'><strong>vocat.</strong></span> <span class='ocrx_word' id='word_1_459' title='bbox 2609 1842 2703 1897; x_wconf 86' lang='lat' dir='ltr'><strong>His</strong></span> <span class='ocrx_word' id='word_1_460' title='bbox 2749 1843 2893 1896; x_wconf 91' lang='lat' dir='ltr'><strong>enim</strong></span> <span class='ocrx_word' id='word_1_461' title='bbox 2940 1845 3117 1899; x_wconf 91' lang='lat' dir='ltr'><strong>tribus</strong></span> <span class='ocrx_word' id='word_1_462' title='bbox 3170 1845 3431 1915; x_wconf 81' lang='lat' dir='ltr'><strong>injectum</strong></span> 
     </span>
    </p>
   </div>
   <div class='ocr_carea' id='block_1_72' title="bbox 1871 1930 3434 2003">
    <p class='ocr_par' dir='ltr' id='par_1_72' title="bbox 1871 1930 3434 2003">
     <span class='ocr_line' id='line_1_72' title="bbox 1871 1930 3434 2003; baseline 0.004 -18"><span class='ocrx_word' id='word_1_463' title='bbox 1871 1933 2203 1987; x_wconf 79' lang='lat' dir='ltr'><strong>fertnentum</strong></span> <span class='ocrx_word' id='word_1_464' title='bbox 2230 1932 2560 2003; x_wconf 81' lang='lat' dir='ltr'><strong>evangelicae</strong></span> <span class='ocrx_word' id='word_1_465' title='bbox 2587 1932 2849 1987; x_wconf 72' lang='lat' dir='ltr'><strong>doctrinae</strong></span> <span class='ocrx_word' id='word_1_466' title='bbox 2880 1930 3043 1988; x_wconf 88' lang='lat' dir='ltr'><strong>unam</strong></span> <span class='ocrx_word' id='word_1_467' title='bbox 3076 1950 3140 1990; x_wconf 78' lang='lat' dir='ltr'><strong>ex</strong></span> <span class='ocrx_word' id='word_1_468' title='bbox 3177 1937 3434 1991; x_wconf 89' lang='lat' dir='ltr'><strong>omnibus</strong></span> 
     </span>
    </p>
   </div>
   <div class='ocr_carea' id='block_1_73' title="bbox 1871 2020 2521 2075">
    <p class='ocr_par' dir='ltr' id='par_1_73' title="bbox 1871 2020 2521 2075">
     <span class='ocr_line' id='line_1_73' title="bbox 1871 2020 2521 2075; baseline 0 -1"><span class='ocrx_word' id='word_1_469' title='bbox 1871 2036 2109 2075; x_wconf 80' lang='lat' dir='ltr'><strong>massazn</strong></span> <span class='ocrx_word' id='word_1_470' title='bbox 2146 2020 2521 2075; x_wconf 89' lang='lat' dir='ltr'><strong>commiscuit.</strong></span> 
     </span>
    </p>
   </div>
   <div class='ocr_carea' id='block_1_74' title="bbox 2486 2107 2798 2164">
    <p class='ocr_par' dir='ltr' id='par_1_74' title="bbox 2486 2107 2798 2164">
     <span class='ocr_line' id='line_1_74' title="bbox 2486 2107 2798 2164; baseline 0 -1"><span class='ocrx_word' id='word_1_471' title='bbox 2486 2107 2638 2163; x_wconf 86' lang='lat' dir='ltr'><strong>CAP.</strong></span> <span class='ocrx_word' id='word_1_472' title='bbox 2682 2108 2798 2164; x_wconf 79' lang='lat' dir='ltr'><strong>XIV</strong></span> 
     </span>
    </p>
   </div>
   <div class='ocr_carea' id='block_1_75' title="bbox 1942 2198 3438 2264">
    <p class='ocr_par' dir='ltr' id='par_1_75' title="bbox 1942 2198 3438 2264">
     <span class='ocr_line' id='line_1_75' title="bbox 1942 2198 3438 2264; baseline 0.006 -17"><span class='ocrx_word' id='word_1_473' title='bbox 1942 2198 2106 2253; x_wconf 76' lang='lat' dir='ltr'><strong>Vens.</strong></span> <span class='ocrx_word' id='word_1_474' title='bbox 2149 2199 2456 2253; x_wconf 86' lang='lat' dir='ltr'><strong>I.—Alius</strong></span> <span class='ocrx_word' id='word_1_475' title='bbox 2511 2207 2595 2253; x_wconf 90' lang='lat' dir='ltr'><strong>est</strong></span> <span class='ocrx_word' id='word_1_476' title='bbox 2635 2199 2881 2255; x_wconf 86' lang='lat' dir='ltr'><strong>Herodes</strong></span> <span class='ocrx_word' id='word_1_477' title='bbox 2917 2216 3030 2264; x_wconf 81' lang='lat' dir='ltr'><strong>rex,</strong></span> <span class='ocrx_word' id='word_1_478' title='bbox 3068 2200 3211 2256; x_wconf 87' lang='lat' dir='ltr'><strong>alius</strong></span> <span class='ocrx_word' id='word_1_479' title='bbox 3240 2209 3438 2258; x_wconf 84' lang='lat' dir='ltr'><strong>tetrar-</strong></span> 
     </span>
    </p>
   </div>
   <div class='ocr_carea' id='block_1_76' title="bbox 1873 2291 3438 2364">
    <p class='ocr_par' dir='ltr' id='par_1_76' title="bbox 1873 2291 3438 2364">
     <span class='ocr_line' id='line_1_76' title="bbox 1873 2291 3438 2364; baseline 0.002 -18"><span class='ocrx_word' id='word_1_480' title='bbox 1873 2292 1978 2346; x_wconf 85' lang='lat' dir='ltr'><strong>cha</strong></span> <span class='ocrx_word' id='word_1_481' title='bbox 2014 2294 2156 2347; x_wconf 88' lang='lat' dir='ltr'><strong>ﬁlius</strong></span> <span class='ocrx_word' id='word_1_482' title='bbox 2196 2292 2339 2361; x_wconf 87' lang='lat' dir='ltr'><strong>ejus.</strong></span> <span class='ocrx_word' id='word_1_483' title='bbox 2392 2291 2602 2346; x_wconf 78' lang='lat' dir='ltr'><strong>Etenim</strong></span> <span class='ocrx_word' id='word_1_484' title='bbox 2632 2303 2756 2362; x_wconf 89' lang='lat' dir='ltr'><strong>post</strong></span> <span class='ocrx_word' id='word_1_485' title='bbox 2784 2293 2991 2348; x_wconf 88' lang='lat' dir='ltr'><strong>obitmn</strong></span> <span class='ocrx_word' id='word_1_486' title='bbox 3026 2295 3170 2364; x_wconf 84' lang='lat' dir='ltr'><strong>regis</strong></span> <span class='ocrx_word' id='word_1_487' title='bbox 3203 2293 3438 2350; x_wconf 84' lang='lat' dir='ltr'><strong>Herodis</strong></span> 
     </span>
    </p>
   </div>
   <div class='ocr_carea' id='block_1_77' title="bbox 1876 2382 3435 2456">
    <p class='ocr_par' dir='ltr' id='par_1_77' title="bbox 1876 2382 3435 2456">
     <span class='ocr_line' id='line_1_77' title="bbox 1876 2382 3435 2456; baseline 0.002 -22"><span class='ocrx_word' id='word_1_488' title='bbox 1876 2382 1930 2434; x_wconf 92' lang='lat' dir='ltr'><strong>in</strong></span> <span class='ocrx_word' id='word_1_489' title='bbox 1988 2384 2318 2437; x_wconf 80' lang='lat' dir='ltr'><strong>tetrarchias</strong></span> <span class='ocrx_word' id='word_1_490' title='bbox 2365 2383 2671 2438; x_wconf 86' lang='lat' dir='ltr'><strong>diviserunt</strong></span> <span class='ocrx_word' id='word_1_491' title='bbox 2719 2382 2951 2438; x_wconf 77' lang='lat' dir='ltr'><strong>Romani</strong></span> <span class='ocrx_word' id='word_1_492' title='bbox 3001 2399 3230 2455; x_wconf 80' lang='lat' dir='ltr'><strong>regnum</strong></span> <span class='ocrx_word' id='word_1_493' title='bbox 3291 2385 3435 2456; x_wconf 87' lang='lat' dir='ltr'><strong>ejus.</strong></span> 
     </span>
    </p>
   </div>
   <div class='ocr_carea' id='block_1_78' title="bbox 1877 2472 3439 2546">
    <p class='ocr_par' dir='ltr' id='par_1_78' title="bbox 1877 2472 3439 2546">
     <span class='ocr_line' id='line_1_78' title="bbox 1877 2472 3439 2546; baseline 0.003 -20"><span class='ocrx_word' id='word_1_494' title='bbox 1877 2472 2079 2527; x_wconf 91' lang='lat' dir='ltr'><strong>Ilarum</strong></span> <span class='ocrx_word' id='word_1_495' title='bbox 2118 2490 2278 2528; x_wconf 92' lang='lat' dir='ltr'><strong>unam</strong></span> <span class='ocrx_word' id='word_1_496' title='bbox 2320 2474 2463 2530; x_wconf 90' lang='lat' dir='ltr'><strong>ﬁlius</strong></span> <span class='ocrx_word' id='word_1_497' title='bbox 2494 2474 2616 2543; x_wconf 87' lang='lat' dir='ltr'><strong>ejus</strong></span> <span class='ocrx_word' id='word_1_498' title='bbox 2650 2476 2911 2541; x_wconf 88' lang='lat' dir='ltr'><strong>obtinuit,</strong></span> <span class='ocrx_word' id='word_1_499' title='bbox 2938 2476 3027 2530; x_wconf 85' lang='lat' dir='ltr'><strong>hic</strong></span> <span class='ocrx_word' id='word_1_500' title='bbox 3058 2477 3151 2546; x_wconf 91' lang='lat' dir='ltr'><strong>qui</strong></span> <span class='ocrx_word' id='word_1_501' title='bbox 3186 2475 3439 2532; x_wconf 65' lang='lat' dir='ltr'><strong>Praecur-</strong></span> 
     </span>
    </p>
   </div>
   <div class='ocr_carea' id='block_1_79' title="bbox 1876 2564 3440 2636">
    <p class='ocr_par' dir='ltr' id='par_1_79' title="bbox 1876 2564 3440 2636">
     <span class='ocr_line' id='line_1_79' title="bbox 1876 2564 3440 2636; baseline 0.003 -19"><span class='ocrx_word' id='word_1_502' title='bbox 1876 2579 2055 2618; x_wconf 89' lang='lat' dir='ltr'><strong>sorem</strong></span> <span class='ocrx_word' id='word_1_503' title='bbox 2111 2565 2425 2621; x_wconf 85' lang='lat' dir='ltr'><strong>decollavit.</strong></span> <span class='ocrx_word' id='word_1_504' title='bbox 2451 2564 2626 2635; x_wconf 89' lang='lat' dir='ltr'><strong>Cujus</strong></span> <span class='ocrx_word' id='word_1_505' title='bbox 2662 2567 2887 2622; x_wconf 84' lang='lat' dir='ltr'><strong>sceleris</strong></span> <span class='ocrx_word' id='word_1_506' title='bbox 2941 2581 3134 2636; x_wconf 72' lang='lat' dir='ltr'><strong>poenas</strong></span> <span class='ocrx_word' id='word_1_507' title='bbox 3185 2582 3296 2622; x_wconf 89' lang='lat' dir='ltr'><strong>non</strong></span> <span class='ocrx_word' id='word_1_508' title='bbox 3343 2567 3440 2623; x_wconf 87' lang='lat' dir='ltr'><strong>diu</strong></span> 
     </span>
    </p>
   </div>
   <div class='ocr_carea' id='block_1_80' title="bbox 1878 2656 2197 2726">
    <p class='ocr_par' dir='ltr' id='par_1_80' title="bbox 1878 2656 2197 2726">
     <span class='ocr_line' id='line_1_80' title="bbox 1878 2656 2197 2726; baseline 0.003 -16"><span class='ocrx_word' id='word_1_509' title='bbox 1878 2665 2001 2726; x_wconf 87' lang='lat' dir='ltr'><strong>post</strong></span> <span class='ocrx_word' id='word_1_510' title='bbox 2030 2656 2197 2711; x_wconf 88' lang='lat' dir='ltr'><strong>dedit.</strong></span> 
     </span>
    </p>
   </div>
   <div class='ocr_carea' id='block_1_81' title="bbox 1951 2830 3442 2904">
    <p class='ocr_par' dir='ltr' id='par_1_81' title="bbox 1951 2830 3442 2904">
     <span class='ocr_line' id='line_1_81' title="bbox 1951 2830 3442 2904; baseline 0.002 -18"><span class='ocrx_word' id='word_1_511' title='bbox 1951 2831 2119 2886; x_wconf 72' lang='lat' dir='ltr'><strong>Vens.</strong></span> <span class='ocrx_word' id='word_1_512' title='bbox 2140 2831 2231 2885; x_wconf 73' lang='grc'><strong>25.</strong></span> <span class='ocrx_word' id='word_1_513' title='bbox 2252 2863 2322 2873; x_wconf 93' lang='grc'><strong><em>-</em></strong></span> <span class='ocrx_word' id='word_1_514' title='bbox 2340 2830 2601 2897; x_wconf 85' lang='lat' dir='ltr'><strong>Quartam</strong></span> <span class='ocrx_word' id='word_1_515' title='bbox 2634 2841 2792 2888; x_wconf 80' lang='lat' dir='ltr'><strong>vocat</strong></span> <span class='ocrx_word' id='word_1_516' title='bbox 2819 2834 2997 2889; x_wconf 88' lang='lat' dir='ltr'><strong>noctis</strong></span> <span class='ocrx_word' id='word_1_517' title='bbox 3019 2834 3253 2904; x_wconf 75' lang='lat' dir='ltr'><strong>vigiliam</strong></span> <span class='ocrx_word' id='word_1_518' title='bbox 3278 2835 3442 2889; x_wconf 92' lang='lat' dir='ltr'><strong>trium</strong></span> 
     </span>
    </p>
   </div>
   <div class='ocr_carea' id='block_1_82' title="bbox 1881 2922 3445 2992">
    <p class='ocr_par' dir='ltr' id='par_1_82' title="bbox 1881 2922 3445 2992">
     <span class='ocr_line' id='line_1_82' title="bbox 1881 2922 3445 2992; baseline 0.002 -17"><span class='ocrx_word' id='word_1_519' title='bbox 1881 2922 2140 2975; x_wconf 87' lang='lat' dir='ltr'><strong>horarum</strong></span> <span class='ocrx_word' id='word_1_520' title='bbox 2183 2923 2421 2990; x_wconf 87' lang='lat' dir='ltr'><strong>spatiqu</strong></span> <span class='ocrx_word' id='word_1_521' title='bbox 2470 2937 2590 2992; x_wconf 67' lang='lat' dir='ltr'><strong>quae</strong></span> <span class='ocrx_word' id='word_1_522' title='bbox 2633 2930 2757 2992; x_wconf 81' lang='lat' dir='ltr'><strong>post</strong></span> <span class='ocrx_word' id='word_1_523' title='bbox 2804 2938 3004 2976; x_wconf 90' lang='lat' dir='ltr'><strong>nonam</strong></span> <span class='ocrx_word' id='word_1_524' title='bbox 3042 2924 3221 2978; x_wconf 89' lang='lat' dir='ltr'><strong>noctis</strong></span> <span class='ocrx_word' id='word_1_525' title='bbox 3256 2923 3445 2978; x_wconf 82' lang='lat' dir='ltr'><strong>horam</strong></span> 
     </span>
    </p>
   </div>
   <div class='ocr_carea' id='block_1_83' title="bbox 1885 3014 2333 3067">
    <p class='ocr_par' dir='ltr' id='par_1_83' title="bbox 1885 3014 2333 3067">
     <span class='ocr_line' id='line_1_83' title="bbox 1885 3014 2333 3067; baseline 0 -1"><span class='ocrx_word' id='word_1_526' title='bbox 1885 3014 2333 3067; x_wconf 71' lang='lat' dir='ltr'><strong>nuncrabantur.</strong></span> 
     </span>
    </p>
   </div>
   <div class='ocr_carea' id='block_1_84' title="bbox 2508 3101 2820 3158">
    <p class='ocr_par' dir='ltr' id='par_1_84' title="bbox 2508 3101 2820 3158">
     <span class='ocr_line' id='line_1_84' title="bbox 2508 3101 2820 3158; baseline 0.003 -1"><span class='ocrx_word' id='word_1_527' title='bbox 2508 3102 2662 3157; x_wconf 80' lang='lat' dir='ltr'><strong>CAP.</strong></span> <span class='ocrx_word' id='word_1_528' title='bbox 2705 3101 2820 3158; x_wconf 79' lang='lat' dir='ltr'><strong>XV.</strong></span> 
     </span>
    </p>
   </div>
   <div class='ocr_carea' id='block_1_85' title="bbox 1960 3192 3447 3264">
    <p class='ocr_par' dir='ltr' id='par_1_85' title="bbox 1960 3192 3447 3264">
     <span class='ocr_line' id='line_1_85' title="bbox 1960 3192 3447 3264; baseline 0.001 -17"><span class='ocrx_word' id='word_1_529' title='bbox 1960 3193 2122 3249; x_wconf 74' lang='lat' dir='ltr'><strong>Vnus.</strong></span> <span class='ocrx_word' id='word_1_530' title='bbox 2160 3194 2247 3248; x_wconf 79' lang='grc'><strong>15.</strong></span> <span class='ocrx_word' id='word_1_531' title='bbox 2274 3222 2345 3232; x_wconf 90' lang='grc'><strong>-</strong></span> <span class='ocrx_word' id='word_1_532' title='bbox 2369 3192 2479 3246; x_wconf 83' lang='lat' dir='ltr'><strong>Hoc</strong></span> <span class='ocrx_word' id='word_1_533' title='bbox 2516 3193 2738 3262; x_wconf 86' lang='lat' dir='ltr'><strong>quidem</strong></span> <span class='ocrx_word' id='word_1_534' title='bbox 2772 3193 3146 3248; x_wconf 84' lang='lat' dir='ltr'><strong>testimonium</strong></span> <span class='ocrx_word' id='word_1_535' title='bbox 3180 3203 3447 3264; x_wconf 86' lang='lat' dir='ltr'><strong>usurpant</strong></span> 
     </span>
    </p>
   </div>
   <div class='ocr_carea' id='block_1_86' title="bbox 1886 3283 3450 3353">
    <p class='ocr_par' dir='ltr' id='par_1_86' title="bbox 1886 3283 3450 3353">
     <span class='ocr_line' id='line_1_86' title="bbox 1886 3283 3450 3353; baseline 0.001 -16"><span class='ocrx_word' id='word_1_536' title='bbox 1886 3283 2168 3338; x_wconf 66' lang='lat' dir='ltr'><strong>Manichaei</strong></span> <span class='ocrx_word' id='word_1_537' title='bbox 2220 3294 2279 3336; x_wconf 90' lang='lat' dir='ltr'><strong>ut</strong></span> <span class='ocrx_word' id='word_1_538' title='bbox 2328 3284 2559 3353; x_wconf 88' lang='lat' dir='ltr'><strong>probent</strong></span> <span class='ocrx_word' id='word_1_539' title='bbox 2606 3283 2776 3353; x_wconf 86' lang='lat' dir='ltr'><strong>legem</strong></span> <span class='ocrx_word' id='word_1_540' title='bbox 2818 3298 2927 3336; x_wconf 90' lang='lat' dir='ltr'><strong>non</strong></span> <span class='ocrx_word' id='word_1_541' title='bbox 2968 3284 3139 3338; x_wconf 81' lang='lat' dir='ltr'><strong>fuisse</strong></span> <span class='ocrx_word' id='word_1_542' title='bbox 3180 3299 3209 3337; x_wconf 88' lang='lat' dir='ltr'><strong>a</strong></span> <span class='ocrx_word' id='word_1_543' title='bbox 3244 3285 3450 3339; x_wconf 84' lang='lat' dir='ltr'><strong>Christi</strong></span> 
     </span>
    </p>
   </div>
   <div class='ocr_carea' id='block_1_87' title="bbox 1885 3374 3448 3443">
    <p class='ocr_par' dir='ltr' id='par_1_87' title="bbox 1885 3374 3448 3443">
     <span class='ocr_line' id='line_1_87' title="bbox 1885 3374 3448 3443; baseline -0.001 -14"><span class='ocrx_word' id='word_1_544' title='bbox 1885 3374 2047 3430; x_wconf 87' lang='lat' dir='ltr'><strong>Patre</strong></span> <span class='ocrx_word' id='word_1_545' title='bbox 2099 3377 2483 3437; x_wconf 86' lang='lat' dir='ltr'><strong>constitutam,</strong></span> <span class='ocrx_word' id='word_1_546' title='bbox 2512 3374 2605 3428; x_wconf 87' lang='lat' dir='ltr'><strong>sed</strong></span> <span class='ocrx_word' id='word_1_547' title='bbox 2666 3388 2828 3443; x_wconf 91' lang='lat' dir='ltr'><strong>quam</strong></span> <span class='ocrx_word' id='word_1_548' title='bbox 2882 3374 3198 3443; x_wconf 89' lang='lat' dir='ltr'><strong>longissime</strong></span> <span class='ocrx_word' id='word_1_549' title='bbox 3239 3390 3268 3427; x_wconf 85' lang='lat' dir='ltr'><strong>a</strong></span> <span class='ocrx_word' id='word_1_550' title='bbox 3303 3376 3448 3429; x_wconf 83' lang='lat' dir='ltr'><strong>veri-</strong></span> 
     </span>
    </p>
   </div>
   <div class='ocr_carea' id='block_1_88' title="bbox 1886 3464 3451 3534">
    <p class='ocr_par' dir='ltr' id='par_1_88' title="bbox 1886 3464 3451 3534">
     <span class='ocr_line' id='line_1_88' title="bbox 1886 3464 3451 3534; baseline 0 -15"><span class='ocrx_word' id='word_1_551' title='bbox 1886 3474 1999 3521; x_wconf 89' lang='lat' dir='ltr'><strong>tate</strong></span> <span class='ocrx_word' id='word_1_552' title='bbox 2043 3467 2325 3521; x_wconf 83' lang='lat' dir='ltr'><strong>aberrant.</strong></span> <span class='ocrx_word' id='word_1_553' title='bbox 2364 3464 2463 3519; x_wconf 88' lang='lat' dir='ltr'><strong>llic</strong></span> <span class='ocrx_word' id='word_1_554' title='bbox 2493 3466 2638 3518; x_wconf 91' lang='lat' dir='ltr'><strong>enim</strong></span> <span class='ocrx_word' id='word_1_555' title='bbox 2673 3481 2781 3518; x_wconf 92' lang='lat' dir='ltr'><strong>non</strong></span> <span class='ocrx_word' id='word_1_556' title='bbox 2817 3466 2996 3534; x_wconf 87' lang='lat' dir='ltr'><strong>agitur</strong></span> <span class='ocrx_word' id='word_1_557' title='bbox 3030 3464 3099 3520; x_wconf 79' lang='lat' dir='ltr'><strong>de</strong></span> <span class='ocrx_word' id='word_1_558' title='bbox 3137 3465 3269 3533; x_wconf 72' lang='lat' dir='ltr'><strong>legis</strong></span> <span class='ocrx_word' id='word_1_559' title='bbox 3314 3480 3451 3533; x_wconf 68' lang='lat' dir='ltr'><strong>pra:-</strong></span> 
     </span>
    </p>
   </div>
   <div class='ocr_carea' id='block_1_89' title="bbox 1888 3556 3453 3629">
    <p class='ocr_par' dir='ltr' id='par_1_89' title="bbox 1888 3556 3453 3629">
     <span class='ocr_line' id='line_1_89' title="bbox 1888 3556 3453 3629; baseline -0.001 -17"><span class='ocrx_word' id='word_1_560' title='bbox 1888 3560 2080 3629; x_wconf 87' lang='lat' dir='ltr'><strong>ccptis,</strong></span> <span class='ocrx_word' id='word_1_561' title='bbox 2116 3559 2210 3613; x_wconf 86' lang='lat' dir='ltr'><strong>sed</strong></span> <span class='ocrx_word' id='word_1_562' title='bbox 2246 3560 2311 3613; x_wconf 85' lang='lat' dir='ltr'><strong>de</strong></span> <span class='ocrx_word' id='word_1_563' title='bbox 2337 3557 2736 3613; x_wconf 66' lang='lat' dir='ltr'><strong>Pharisatorum</strong></span> <span class='ocrx_word' id='word_1_564' title='bbox 2784 3557 3069 3622; x_wconf 86' lang='lat' dir='ltr'><strong>doctrinis,</strong></span> <span class='ocrx_word' id='word_1_565' title='bbox 3101 3557 3214 3626; x_wconf 90' lang='lat' dir='ltr'><strong>qui,</strong></span> <span class='ocrx_word' id='word_1_566' title='bbox 3243 3556 3453 3627; x_wconf 84' lang='lat' dir='ltr'><strong>Opinio-</strong></span> 
     </span>
    </p>
   </div>
   <div class='ocr_carea' id='block_1_90' title="bbox 1889 3648 3453 3719">
    <p class='ocr_par' dir='ltr' id='par_1_90' title="bbox 1889 3648 3453 3719">
     <span class='ocr_line' id='line_1_90' title="bbox 1889 3648 3453 3719; baseline -0.002 -13"><span class='ocrx_word' id='word_1_567' title='bbox 1889 3654 2050 3707; x_wconf 91' lang='lat' dir='ltr'><strong>nibus</strong></span> <span class='ocrx_word' id='word_1_568' title='bbox 2089 3653 2205 3707; x_wconf 87' lang='lat' dir='ltr'><strong>suis</strong></span> <span class='ocrx_word' id='word_1_569' title='bbox 2238 3650 2602 3719; x_wconf 82' lang='lat' dir='ltr'><strong>indulgentes,</strong></span> <span class='ocrx_word' id='word_1_570' title='bbox 2637 3650 2865 3704; x_wconf 82' lang='lat' dir='ltr'><strong>asseclis</strong></span> <span class='ocrx_word' id='word_1_571' title='bbox 2899 3650 3013 3705; x_wconf 90' lang='lat' dir='ltr'><strong>suis</strong></span> <span class='ocrx_word' id='word_1_572' title='bbox 3041 3648 3383 3719; x_wconf 89' lang='lat' dir='ltr'><strong>disciplinam</strong></span> <span class='ocrx_word' id='word_1_573' title='bbox 3421 3664 3453 3703; x_wconf 86' lang='lat' dir='ltr'><strong>a</strong></span> 
     </span>
    </p>
   </div>
   <div class='ocr_carea' id='block_1_91' title="bbox 1890 3740 3450 3813">
    <p class='ocr_par' dir='ltr' id='par_1_91' title="bbox 1890 3740 3450 3813">
     <span class='ocr_line' id='line_1_91' title="bbox 1890 3740 3450 3813; baseline -0.002 -15"><span class='ocrx_word' id='word_1_574' title='bbox 1890 3744 2006 3813; x_wconf 85' lang='lat' dir='ltr'><strong>lege</strong></span> <span class='ocrx_word' id='word_1_575' title='bbox 2029 3742 2487 3813; x_wconf 90' lang='lat' dir='ltr'><strong>quamplurimum</strong></span> <span class='ocrx_word' id='word_1_576' title='bbox 2525 3740 2938 3795; x_wconf 88' lang='lat' dir='ltr'><strong>dissentientem</strong></span> <span class='ocrx_word' id='word_1_577' title='bbox 2965 3741 3336 3808; x_wconf 90' lang='lat' dir='ltr'><strong>inculcabant,</strong></span> <span class='ocrx_word' id='word_1_578' title='bbox 3369 3740 3450 3795; x_wconf 91' lang='lat' dir='ltr'><strong>uti</strong></span> 
     </span>
    </p>
   </div>
   <div class='ocr_carea' id='block_1_92' title="bbox 1888 3830 3451 3902">
    <p class='ocr_par' dir='ltr' id='par_1_92' title="bbox 1888 3830 3451 3902">
     <span class='ocr_line' id='line_1_92' title="bbox 1888 3830 3451 3902; baseline 0.001 -18"><span class='ocrx_word' id='word_1_579' title='bbox 1888 3835 1972 3888; x_wconf 87' lang='lat' dir='ltr'><strong>vel</strong></span> <span class='ocrx_word' id='word_1_580' title='bbox 2004 3834 2117 3902; x_wconf 90' lang='lat' dir='ltr'><strong>ipse</strong></span> <span class='ocrx_word' id='word_1_581' title='bbox 2143 3830 2395 3885; x_wconf 84' lang='lat' dir='ltr'><strong>Salvator</strong></span> <span class='ocrx_word' id='word_1_582' title='bbox 2414 3831 2546 3884; x_wconf 89' lang='lat' dir='ltr'><strong>illud</strong></span> <span class='ocrx_word' id='word_1_583' title='bbox 2563 3833 2643 3885; x_wconf 89' lang='lat' dir='ltr'><strong>eis</strong></span> <span class='ocrx_word' id='word_1_584' title='bbox 2677 3845 2842 3900; x_wconf 91' lang='lat' dir='ltr'><strong>supra</strong></span> <span class='ocrx_word' id='word_1_585' title='bbox 2865 3841 3051 3899; x_wconf 86' lang='lat' dir='ltr'><strong>aperte</strong></span> <span class='ocrx_word' id='word_1_586' title='bbox 3077 3831 3451 3901; x_wconf 83' lang='lat' dir='ltr'><strong>exprobravit.</strong></span> 
     </span>
    </p>
   </div>
   <div class='ocr_carea' id='block_1_93' title="bbox 1962 3921 3453 3981">
    <p class='ocr_par' dir='ltr' id='par_1_93' title="bbox 1962 3921 3453 3981">
     <span class='ocr_line' id='line_1_93' title="bbox 1962 3921 3453 3981; baseline 0.001 -3"><span class='ocrx_word' id='word_1_587' title='bbox 1962 3924 2131 3979; x_wconf 75' lang='lat' dir='ltr'><strong>Vsus.</strong></span> <span class='ocrx_word' id='word_1_588' title='bbox 2161 3925 2249 3978; x_wconf 71' lang='grc'><strong>54.</strong></span> <span class='ocrx_word' id='word_1_589' title='bbox 2271 3954 2340 3962; x_wconf 88' lang='grc'><strong>-</strong></span> <span class='ocrx_word' id='word_1_590' title='bbox 2365 3922 2617 3976; x_wconf 84' lang='lat' dir='ltr'><strong>Nondum</strong></span> <span class='ocrx_word' id='word_1_591' title='bbox 2658 3923 3041 3979; x_wconf 84' lang='lat' dir='ltr'><strong>intellexerant</strong></span> <span class='ocrx_word' id='word_1_592' title='bbox 3064 3921 3350 3977; x_wconf 90' lang='lat' dir='ltr'><strong>Dominum</strong></span> <span class='ocrx_word' id='word_1_593' title='bbox 3386 3925 3453 3981; x_wconf 85' lang='lat' dir='ltr'><strong>ad</strong></span> 
     </span>
    </p>
   </div>
   <div class='ocr_carea' id='block_1_94' title="bbox 1891 4012 3457 4083">
    <p class='ocr_par' dir='ltr' id='par_1_94' title="bbox 1891 4012 3457 4083">
     <span class='ocr_line' id='line_1_94' title="bbox 1891 4012 3457 4083; baseline -0.001 -14"><span class='ocrx_word' id='word_1_594' title='bbox 1891 4017 2316 4070; x_wconf 85' lang='lat' dir='ltr'><strong>conﬁrmandam</strong></span> <span class='ocrx_word' id='word_1_595' title='bbox 2371 4012 2530 4067; x_wconf 87' lang='lat' dir='ltr'><strong>ﬁdem</strong></span> <span class='ocrx_word' id='word_1_596' title='bbox 2581 4012 2873 4067; x_wconf 82' lang='lat' dir='ltr'><strong>consilium</strong></span> <span class='ocrx_word' id='word_1_597' title='bbox 2904 4014 3115 4083; x_wconf 90' lang='lat' dir='ltr'><strong>cepisse</strong></span> <span class='ocrx_word' id='word_1_598' title='bbox 3148 4014 3303 4069; x_wconf 88' lang='lat' dir='ltr'><strong>cibos</strong></span> <span class='ocrx_word' id='word_1_599' title='bbox 3333 4030 3457 4068; x_wconf 88' lang='lat' dir='ltr'><strong>rur-</strong></span> 
     </span>
    </p>
   </div>
   <div class='ocr_carea' id='block_1_95' title="bbox 1893 4103 3456 4175">
    <p class='ocr_par' dir='ltr' id='par_1_95' title="bbox 1893 4103 3456 4175">
     <span class='ocr_line' id='line_1_95' title="bbox 1893 4103 3456 4175; baseline -0.001 -13"><span class='ocrx_word' id='word_1_600' title='bbox 1893 4122 1989 4162; x_wconf 92' lang='lat' dir='ltr'><strong>sus</strong></span> <span class='ocrx_word' id='word_1_601' title='bbox 2020 4106 2157 4159; x_wconf 90' lang='lat' dir='ltr'><strong>mira</strong></span> <span class='ocrx_word' id='word_1_602' title='bbox 2188 4105 2403 4159; x_wconf 89' lang='lat' dir='ltr'><strong>ratione</strong></span> <span class='ocrx_word' id='word_1_603' title='bbox 2434 4103 2859 4173; x_wconf 82' lang='lat' dir='ltr'><strong>multiplicandi,</strong></span> <span class='ocrx_word' id='word_1_604' title='bbox 2890 4104 3013 4158; x_wconf 83' lang='lat' dir='ltr'><strong>licet</strong></span> <span class='ocrx_word' id='word_1_605' title='bbox 3044 4105 3095 4158; x_wconf 93' lang='lat' dir='ltr'><strong>id</strong></span> <span class='ocrx_word' id='word_1_606' title='bbox 3128 4106 3305 4175; x_wconf 90' lang='lat' dir='ltr'><strong>ipsum</strong></span> <span class='ocrx_word' id='word_1_607' title='bbox 3343 4108 3456 4161; x_wconf 71' lang='lat' dir='ltr'><strong>lucc</strong></span> 
     </span>
    </p>
   </div>
   <div class='ocr_carea' id='block_1_96' title="bbox 1894 4196 3456 4266">
    <p class='ocr_par' dir='ltr' id='par_1_96' title="bbox 1894 4196 3456 4266">
     <span class='ocr_line' id='line_1_96' title="bbox 1894 4196 3456 4266; baseline 0.001 -14"><span class='ocrx_word' id='word_1_608' title='bbox 1894 4198 2249 4266; x_wconf 75' lang='lat' dir='ltr'><strong>interr-Ogatio</strong></span> <span class='ocrx_word' id='word_1_609' title='bbox 2303 4196 2644 4263; x_wconf 73' lang='lat' dir='ltr'><strong>intenderetj,</strong></span> <span class='ocrx_word' id='word_1_610' title='bbox 2682 4196 2845 4251; x_wconf 91' lang='lat' dir='ltr'><strong>sicuti</strong></span> <span class='ocrx_word' id='word_1_611' title='bbox 2885 4198 3045 4251; x_wconf 89' lang='lat' dir='ltr'><strong>docet</strong></span> <span class='ocrx_word' id='word_1_612' title='bbox 3098 4196 3234 4251; x_wconf 89' lang='lat' dir='ltr'><strong>illud</strong></span> <span class='ocrx_word' id='word_1_613' title='bbox 3285 4196 3456 4253; x_wconf 78' lang='lat' dir='ltr'><strong>Joan-</strong></span> 
     </span>
    </p>
   </div>
   <div class='ocr_carea' id='block_1_97' title="bbox 1893 4288 3178 4356">
    <p class='ocr_par' dir='ltr' id='par_1_97' title="bbox 1893 4288 3178 4356">
     <span class='ocr_line' id='line_1_97' title="bbox 1893 4288 3178 4356; baseline -0.002 -11"><span class='ocrx_word' id='word_1_614' title='bbox 1893 4292 1981 4345; x_wconf 88' lang='lat' dir='ltr'><strong>nis</strong></span> <span class='ocrx_word' id='word_1_615' title='bbox 2007 4309 2018 4345; x_wconf 92' lang='lat'><strong>:</strong></span> <span class='ocrx_word' id='word_1_616' title='bbox 2046 4288 2192 4343; x_wconf 76' lang='lat' dir='ltr'><strong>Unde-</strong></span> <span class='ocrx_word' id='word_1_617' title='bbox 2218 4305 2446 4343; x_wconf 72' lang='lat' dir='ltr'><strong>amemus</strong></span> <span class='ocrx_word' id='word_1_618' title='bbox 2478 4304 2636 4356; x_wconf 83' lang='lat' dir='ltr'><strong>panes</strong></span> <span class='ocrx_word' id='word_1_619' title='bbox 2657 4298 2713 4341; x_wconf 86' lang='lat' dir='ltr'><strong>ut</strong></span> <span class='ocrx_word' id='word_1_620' title='bbox 2743 4288 3057 4342; x_wconf 80' lang='lat' dir='ltr'><strong>manducent</strong></span> <span class='ocrx_word' id='word_1_621' title='bbox 3085 4288 3178 4343; x_wconf 78' lang='lat' dir='ltr'><strong>hi?</strong></span> 
     </span>
    </p>
   </div>
   <div class='ocr_carea' id='block_1_98' title="bbox 1964 4462 3461 4535">
    <p class='ocr_par' dir='ltr' id='par_1_98' title="bbox 1964 4462 3461 4535">
     <span class='ocr_line' id='line_1_98' title="bbox 1964 4462 3461 4535; baseline -0.002 -15"><span class='ocrx_word' id='word_1_622' title='bbox 1964 4466 2231 4535; x_wconf 85' lang='lat' dir='ltr'><strong>Cupiebat</strong></span> <span class='ocrx_word' id='word_1_623' title='bbox 2266 4465 2412 4519; x_wconf 90' lang='lat' dir='ltr'><strong>enim</strong></span> <span class='ocrx_word' id='word_1_624' title='bbox 2463 4465 2536 4517; x_wconf 91' lang='lat' dir='ltr'><strong>ita</strong></span> <span class='ocrx_word' id='word_1_625' title='bbox 2569 4464 2807 4516; x_wconf 88' lang='lat' dir='ltr'><strong>animam</strong></span> <span class='ocrx_word' id='word_1_626' title='bbox 2854 4462 3249 4531; x_wconf 87' lang='lat' dir='ltr'><strong>discipulorum</strong></span> <span class='ocrx_word' id='word_1_627' title='bbox 3303 4463 3461 4517; x_wconf 90' lang='lat' dir='ltr'><strong>insti-</strong></span> 
     </span>
    </p>
   </div>
   <div class='ocr_carea' id='block_1_99' title="bbox 1896 4553 3464 4624">
    <p class='ocr_par' dir='ltr' id='par_1_99' title="bbox 1896 4553 3464 4624">
     <span class='ocr_line' id='line_1_99' title="bbox 1896 4553 3464 4624; baseline -0.002 -14"><span class='ocrx_word' id='word_1_628' title='bbox 1896 4565 2048 4611; x_wconf 89' lang='lat' dir='ltr'><strong>tuere</strong></span> <span class='ocrx_word' id='word_1_629' title='bbox 2077 4566 2133 4609; x_wconf 92' lang='lat' dir='ltr'><strong>ut</strong></span> <span class='ocrx_word' id='word_1_630' title='bbox 2163 4555 2274 4624; x_wconf 77' lang='lat' dir='ltr'><strong>jam</strong></span> <span class='ocrx_word' id='word_1_631' title='bbox 2318 4570 2425 4609; x_wconf 91' lang='lat' dir='ltr'><strong>non</strong></span> <span class='ocrx_word' id='word_1_632' title='bbox 2458 4556 2524 4609; x_wconf 92' lang='lat' dir='ltr'><strong>de</strong></span> <span class='ocrx_word' id='word_1_633' title='bbox 2574 4554 2759 4609; x_wconf 87' lang='lat' dir='ltr'><strong>divina</strong></span> <span class='ocrx_word' id='word_1_634' title='bbox 2791 4554 2965 4621; x_wconf 86' lang='lat' dir='ltr'><strong>ipsius</strong></span> <span class='ocrx_word' id='word_1_635' title='bbox 3008 4555 3210 4608; x_wconf 87' lang='lat' dir='ltr'><strong>virtute</strong></span> <span class='ocrx_word' id='word_1_636' title='bbox 3245 4553 3464 4608; x_wconf 84' lang='lat' dir='ltr'><strong>dubita-</strong></span> 
     </span>
    </p>
   </div>
   <div class='ocr_carea' id='block_1_100' title="bbox 1896 4646 3465 4716">
    <p class='ocr_par' dir='ltr' id='par_1_100' title="bbox 1896 4646 3465 4716">
     <span class='ocr_line' id='line_1_100' title="bbox 1896 4646 3465 4716; baseline -0.002 -14"><span class='ocrx_word' id='word_1_637' title='bbox 1896 4657 2038 4713; x_wconf 86' lang='lat' dir='ltr'><strong>rent,</strong></span> <span class='ocrx_word' id='word_1_638' title='bbox 2075 4648 2304 4716; x_wconf 89' lang='lat' dir='ltr'><strong>ideoque</strong></span> <span class='ocrx_word' id='word_1_639' title='bbox 2334 4646 2620 4700; x_wconf 88' lang='lat' dir='ltr'><strong>erudiebat</strong></span> <span class='ocrx_word' id='word_1_640' title='bbox 2660 4661 2754 4699; x_wconf 91' lang='lat' dir='ltr'><strong>eos</strong></span> <span class='ocrx_word' id='word_1_641' title='bbox 2787 4659 2895 4697; x_wconf 89' lang='lat' dir='ltr'><strong>non</strong></span> <span class='ocrx_word' id='word_1_642' title='bbox 2951 4646 3303 4700; x_wconf 89' lang='lat' dir='ltr'><strong>sermonibus</strong></span> <span class='ocrx_word' id='word_1_643' title='bbox 3343 4655 3465 4699; x_wconf 80' lang='lat' dir='ltr'><strong>tan—</strong></span> 
     </span>
    </p>
   </div>
   <div class='ocr_carea' id='block_1_101' title="bbox 1896 4737 2473 4807">
    <p class='ocr_par' dir='ltr' id='par_1_101' title="bbox 1896 4737 2473 4807">
     <span class='ocr_line' id='line_1_101' title="bbox 1896 4737 2473 4807; baseline -0.012 -13"><span class='ocrx_word' id='word_1_644' title='bbox 1896 4749 2011 4794; x_wconf 92' lang='lat' dir='ltr'><strong>tum</strong></span> <span class='ocrx_word' id='word_1_645' title='bbox 2025 4780 2038 4803; x_wconf 92' lang='lat'><strong>,</strong></span> <span class='ocrx_word' id='word_1_646' title='bbox 2064 4737 2159 4792; x_wconf 88' lang='lat' dir='ltr'><strong>sed</strong></span> <span class='ocrx_word' id='word_1_647' title='bbox 2192 4737 2473 4807; x_wconf 84' lang='lat' dir='ltr'><strong>operibus.</strong></span> 
     </span>
    </p>
   </div>
   <div class='ocr_carea' id='block_1_102' title="bbox 1972 4827 3466 4899">
    <p class='ocr_par' dir='ltr' id='par_1_102' title="bbox 1972 4827 3466 4899">
     <span class='ocr_line' id='line_1_102' title="bbox 1972 4827 3466 4899; baseline -0.003 -16"><span class='ocrx_word' id='word_1_648' title='bbox 1972 4830 2280 4899; x_wconf 82' lang='lat' dir='ltr'><strong>Interrogat</strong></span> <span class='ocrx_word' id='word_1_649' title='bbox 2314 4844 2419 4882; x_wconf 91' lang='lat' dir='ltr'><strong>non</strong></span> <span class='ocrx_word' id='word_1_650' title='bbox 2447 4828 2603 4897; x_wconf 88' lang='lat' dir='ltr'><strong>quasi</strong></span> <span class='ocrx_word' id='word_1_651' title='bbox 2635 4828 2866 4897; x_wconf 81' lang='lat' dir='ltr'><strong>ignoret,</strong></span> <span class='ocrx_word' id='word_1_652' title='bbox 2899 4829 2991 4884; x_wconf 84' lang='lat' dir='ltr'><strong>sed</strong></span> <span class='ocrx_word' id='word_1_653' title='bbox 3026 4835 3085 4882; x_wconf 93' lang='lat' dir='ltr'><strong>ut</strong></span> <span class='ocrx_word' id='word_1_654' title='bbox 3124 4828 3330 4882; x_wconf 88' lang='lat' dir='ltr'><strong>clarius</strong></span> <span class='ocrx_word' id='word_1_655' title='bbox 3356 4827 3466 4882; x_wconf 85' lang='lat' dir='ltr'><strong>vir-</strong></span> 
     </span>
    </p>
   </div>
   <div class='ocr_carea' id='block_1_103' title="bbox 1895 4921 2665 4977">
    <p class='ocr_par' dir='ltr' id='par_1_103' title="bbox 1895 4921 2665 4977">
     <span class='ocr_line' id='line_1_103' title="bbox 1895 4921 2665 4977; baseline -0.004 -1"><span class='ocrx_word' id='word_1_656' title='bbox 1895 4932 2068 4977; x_wconf 89' lang='lat' dir='ltr'><strong>tutem</strong></span> <span class='ocrx_word' id='word_1_657' title='bbox 2114 4936 2268 4977; x_wconf 90' lang='lat' dir='ltr'><strong>suam</strong></span> <span class='ocrx_word' id='word_1_658' title='bbox 2305 4921 2665 4973; x_wconf 88' lang='lat' dir='ltr'><strong>demonstret.</strong></span> 
     </span>
    </p>
   </div>
   <div class='ocr_carea' id='block_1_104' title="bbox 1682 5037 2011 5100">
    <p class='ocr_par' dir='ltr' id='par_1_104' title="bbox 1682 5037 2011 5100">
     <span class='ocr_line' id='line_1_104' title="bbox 1682 5037 2011 5100; baseline -0.027 -1"><span class='ocrx_word' id='word_1_659' title='bbox 1682 5042 1835 5100; x_wconf 82' lang='lat' dir='ltr'><strong>CAP.</strong></span> <span class='ocrx_word' id='word_1_660' title='bbox 1877 5037 2011 5094; x_wconf 79' lang='lat' dir='ltr'><strong>XVI.</strong></span> 
     </span>
    </p>
   </div>
   <div class='ocr_carea' id='block_1_105' title="bbox 295 5126 3470 5216">
    <p class='ocr_par' dir='ltr' id='par_1_105' title="bbox 295 5126 3470 5216">
     <span class='ocr_line' id='line_1_105' title="bbox 295 5126 3470 5216; baseline -0.011 0"><span class='ocrx_word' id='word_1_661' title='bbox 295 5161 457 5216; x_wconf 68' lang='lat' dir='ltr'><strong>Vens.</strong></span> <span class='ocrx_word' id='word_1_662' title='bbox 493 5161 547 5213; x_wconf 84' lang='grc'><strong>’5.</strong></span> <span class='ocrx_word' id='word_1_663' title='bbox 582 5187 651 5196; x_wconf 89' lang='grc'><strong><em>-</em></strong></span> <span class='ocrx_word' id='word_1_664' title='bbox 683 5155 948 5209; x_wconf 92' lang='lat' dir='ltr'><strong>Dominus</strong></span> <span class='ocrx_word' id='word_1_665' title='bbox 1000 5152 1144 5206; x_wconf 89' lang='lat' dir='ltr'><strong>enim</strong></span> <span class='ocrx_word' id='word_1_666' title='bbox 1184 5147 1436 5203; x_wconf 87' lang='lat' dir='ltr'><strong>Christus</strong></span> <span class='ocrx_word' id='word_1_667' title='bbox 1466 5142 1542 5214; x_wconf 79' lang='lat'><strong>(5)</strong></span> <span class='ocrx_word' id='word_1_668' title='bbox 1564 5148 1682 5196; x_wconf 86' lang='lat' dir='ltr'><strong>erat</strong></span> <span class='ocrx_word' id='word_1_669' title='bbox 1720 5136 1941 5209; x_wconf 89' lang='lat' dir='ltr'><strong>quidem</strong></span> <span class='ocrx_word' id='word_1_670' title='bbox 1993 5141 2047 5189; x_wconf 90' lang='lat' dir='ltr'><strong>et</strong></span> <span class='ocrx_word' id='word_1_671' title='bbox 2086 5130 2227 5185; x_wconf 84' lang='lat' dir='ltr'><strong>Deus</strong></span> <span class='ocrx_word' id='word_1_672' title='bbox 2258 5138 2312 5183; x_wconf 89' lang='lat' dir='ltr'><strong>et</strong></span> <span class='ocrx_word' id='word_1_673' title='bbox 2350 5127 2527 5189; x_wconf 85' lang='lat' dir='ltr'><strong>homo,</strong></span> <span class='ocrx_word' id='word_1_674' title='bbox 2564 5134 2856 5196; x_wconf 89' lang='lat' dir='ltr'><strong>utrumque</strong></span> <span class='ocrx_word' id='word_1_675' title='bbox 2886 5126 3185 5181; x_wconf 90' lang='lat' dir='ltr'><strong>secundum</strong></span> <span class='ocrx_word' id='word_1_676' title='bbox 3219 5133 3470 5180; x_wconf 88' lang='lat' dir='ltr'><strong>naturam</strong></span> 
     </span>
    </p>
   </div>
   <div class='ocr_carea' id='block_1_106' title="bbox 224 5214 3469 5317">
    <p class='ocr_par' dir='ltr' id='par_1_106' title="bbox 224 5214 3469 5317">
     <span class='ocr_line' id='line_1_106' title="bbox 224 5214 3469 5317; baseline -0.014 -7"><span class='ocrx_word' id='word_1_677' title='bbox 224 5214 482 5310; x_wconf 77' lang='lat' dir='ltr'><strong>similiter</strong></span> <span class='ocrx_word' id='word_1_678' title='bbox 500 5273 513 5306; x_wconf 90' lang='lat'><strong>:</strong></span> <span class='ocrx_word' id='word_1_679' title='bbox 530 5268 596 5308; x_wconf 79' lang='lat' dir='ltr'><strong>ex</strong></span> <span class='ocrx_word' id='word_1_680' title='bbox 622 5250 796 5304; x_wconf 90' lang='lat' dir='ltr'><strong>altero</strong></span> <span class='ocrx_word' id='word_1_681' title='bbox 820 5246 1038 5317; x_wconf 89' lang='lat' dir='ltr'><strong>quidem</strong></span> <span class='ocrx_word' id='word_1_682' title='bbox 1065 5252 1357 5309; x_wconf 88' lang='lat' dir='ltr'><strong>apparens,</strong></span> <span class='ocrx_word' id='word_1_683' title='bbox 1382 5249 1445 5289; x_wconf 78' lang='lat' dir='ltr'><strong>ex</strong></span> <span class='ocrx_word' id='word_1_684' title='bbox 1470 5233 1643 5285; x_wconf 85' lang='lat' dir='ltr'><strong>altero</strong></span> <span class='ocrx_word' id='word_1_685' title='bbox 1665 5241 1793 5282; x_wconf 83' lang='lat' dir='ltr'><strong>vero</strong></span> <span class='ocrx_word' id='word_1_686' title='bbox 1818 5228 2007 5293; x_wconf 89' lang='lat' dir='ltr'><strong>utpote</strong></span> <span class='ocrx_word' id='word_1_687' title='bbox 2029 5219 2328 5275; x_wconf 90' lang='lat' dir='ltr'><strong>secundum</strong></span> <span class='ocrx_word' id='word_1_688' title='bbox 2355 5225 2606 5271; x_wconf 87' lang='lat' dir='ltr'><strong>naturam</strong></span> <span class='ocrx_word' id='word_1_689' title='bbox 2628 5214 2888 5317; x_wconf 69' lang='lat' dir='ltr'><strong>divinam.</strong></span> <span class='ocrx_word' id='word_1_690' title='bbox 2915 5214 3208 5268; x_wconf 80' lang='lat' dir='ltr'><strong>invisibilis</strong></span> <span class='ocrx_word' id='word_1_691' title='bbox 3224 5222 3469 5267; x_wconf 83' lang='lat' dir='ltr'><strong>exstans.</strong></span> 
     </span>
    </p>
   </div>
   <div class='ocr_carea' id='block_1_107' title="bbox 224 5305 3470 5413">
    <p class='ocr_par' dir='ltr' id='par_1_107' title="bbox 224 5305 3470 5413">
     <span class='ocr_line' id='line_1_107' title="bbox 224 5305 3470 5413; baseline -0.016 -8"><span class='ocrx_word' id='word_1_692' title='bbox 224 5305 774 5405; x_wconf 26' lang='lat' dir='ltr'><strong>Crat—“autemunum</strong></span> <span class='ocrx_word' id='word_1_693' title='bbox 807 5305 1029 5413; x_wconf 73' lang='lat' dir='ltr'><strong>quidem</strong></span> <span class='ocrx_word' id='word_1_694' title='bbox 1083 5305 1344 5391; x_wconf 78' lang='lat' dir='ltr'><strong>omnibus</strong></span> <span class='ocrx_word' id='word_1_695' title='bbox 1400 5324 1757 5383; x_wconf 77' lang='lat' dir='ltr'><strong>manifestum</strong></span> <span class='ocrx_word' id='word_1_696' title='bbox 1809 5323 1999 5388; x_wconf 86' lang='lat' dir='ltr'><strong>utpote</strong></span> <span class='ocrx_word' id='word_1_697' title='bbox 2045 5312 2191 5384; x_wconf 84' lang='lat' dir='ltr'><strong>quod</strong></span> <span class='ocrx_word' id='word_1_698' title='bbox 2240 5308 2579 5380; x_wconf 85' lang='lat' dir='ltr'><strong>apparebat:</strong></span> <span class='ocrx_word' id='word_1_699' title='bbox 2634 5305 2908 5360; x_wconf 86' lang='lat' dir='ltr'><strong>hominem</strong></span> <span class='ocrx_word' id='word_1_700' title='bbox 2938 5308 3084 5359; x_wconf 89' lang='lat' dir='ltr'><strong>enim</strong></span> <span class='ocrx_word' id='word_1_701' title='bbox 3120 5319 3242 5358; x_wconf 90' lang='lat' dir='ltr'><strong>eum</strong></span> <span class='ocrx_word' id='word_1_702' title='bbox 3283 5317 3470 5357; x_wconf 77' lang='lat' dir='ltr'><strong>omnes</strong></span> 
     </span>
    </p>
   </div>
   <div class='ocr_carea' id='block_1_108' title="bbox 299 5546 1006 5627">
    <p class='ocr_par' dir='ltr' id='par_1_108' title="bbox 299 5546 1006 5627">
     <span class='ocr_line' id='line_1_108' title="bbox 299 5546 1006 5627; baseline -0.016 -19"><span class='ocrx_word' id='word_1_703' title='bbox 299 5556 377 5627; x_wconf 81' lang='lat' dir='ltr'><strong>(I)</strong></span> <span class='ocrx_word' id='word_1_704' title='bbox 418 5551 630 5627; x_wconf 83' lang='lat' dir='ltr'><strong>Possini</strong></span> <span class='ocrx_word' id='word_1_705' title='bbox 654 5558 763 5606; x_wconf 84' lang='lat' dir='ltr'><strong>cat.</strong></span> <span class='ocrx_word' id='word_1_706' title='bbox 803 5564 857 5619; x_wconf 92' lang='lat' dir='ltr'><strong>p.</strong></span> <span class='ocrx_word' id='word_1_707' title='bbox 881 5546 1006 5600; x_wconf 73' lang='lat'><strong>202.</strong></span> 
     </span>
    </p>
   </div>
   <div class='ocr_carea' id='block_1_109' title="bbox 299 5624 551 5693">
    <p class='ocr_par' dir='ltr' id='par_1_109' title="bbox 299 5624 551 5693">
     <span class='ocr_line' id='line_1_109' title="bbox 299 5624 551 5693; baseline -0.004 -16"><span class='ocrx_word' id='word_1_708' title='bbox 299 5624 377 5693; x_wconf 64' lang='grc' dir='ltr'><strong>(τι)</strong></span> <span class='ocrx_word' id='word_1_709' title='bbox 417 5624 551 5677; x_wconf 90' lang='lat' dir='ltr'><strong>Ibid.</strong></span> 
     </span>
    </p>
   </div>
   <div class='ocr_carea' id='block_1_110' title="bbox 302 5693 551 5766">
    <p class='ocr_par' dir='ltr' id='par_1_110' title="bbox 302 5693 551 5766">
     <span class='ocr_line' id='line_1_110' title="bbox 302 5693 551 5766; baseline -0.012 -17"><span class='ocrx_word' id='word_1_710' title='bbox 302 5696 375 5766; x_wconf 72' lang='grc' dir='ltr'><strong>(δ)</strong></span> <span class='ocrx_word' id='word_1_711' title='bbox 419 5693 551 5747; x_wconf 66' lang='lat' dir='ltr'><strong>una.</strong></span> 
     </span>
    </p>
   </div>
   <div class='ocr_carea' id='block_1_111' title="bbox 1970 5501 3470 5587">
    <p class='ocr_par' dir='ltr' id='par_1_111' title="bbox 1970 5501 3470 5587">
     <span class='ocr_line' id='line_1_111' title="bbox 1970 5501 3470 5587; baseline -0.01 -14"><span class='ocrx_word' id='word_1_712' title='bbox 1970 5520 2046 5587; x_wconf 72' lang='grc'><strong>(4)</strong></span> <span class='ocrx_word' id='word_1_713' title='bbox 2069 5515 2147 5587; x_wconf 69' lang='lat' dir='ltr'><strong>Ex</strong></span> <span class='ocrx_word' id='word_1_714' title='bbox 2163 5516 2361 5587; x_wconf 77' lang='lat' dir='ltr'><strong>Catena</strong></span> <span class='ocrx_word' id='word_1_715' title='bbox 2374 5508 2713 5587; x_wconf 78' lang='lat' dir='ltr'><strong>Granteri,_ut</strong></span> <span class='ocrx_word' id='word_1_716' title='bbox 2726 5506 3007 5587; x_wconf 70' lang='lat' dir='ltr'><strong>sequentia</strong></span> <span class='ocrx_word' id='word_1_717' title='bbox 3025 5505 3137 5587; x_wconf 68' lang='lat' dir='ltr'><strong>duo</strong></span> <span class='ocrx_word' id='word_1_718' title='bbox 3148 5501 3470 5587; x_wconf 82' lang='lat' dir='ltr'><strong>fragmenta.</strong></span> 
     </span>
    </p>
   </div>
   <div class='ocr_carea' id='block_1_112' title="bbox 1973 5576 3471 5661">
    <p class='ocr_par' dir='ltr' id='par_1_112' title="bbox 1973 5576 3471 5661">
     <span class='ocr_line' id='line_1_112' title="bbox 1973 5576 3471 5661; baseline -0.011 -18"><span class='ocrx_word' id='word_1_719' title='bbox 1973 5576 2384 5661; x_wconf 49' lang='lat' dir='ltr'><strong>{5)Facnnd._l_.</strong></span> <span class='ocrx_word' id='word_1_720' title='bbox 2427 5582 2463 5633; x_wconf 92' lang='grc' dir='ltr'><strong>Ι.</strong></span> <span class='ocrx_word' id='word_1_721' title='bbox 2496 5596 2594 5661; x_wconf 34' lang='grc' dir='ltr'>ιιι,</span> <span class='ocrx_word' id='word_1_722' title='bbox 2726 5576 2954 5661; x_wconf 75' lang='lat' dir='ltr'><strong>Videtur</strong></span> <span class='ocrx_word' id='word_1_723' title='bbox 2989 5576 3091 5661; x_wconf 74' lang='lat' dir='ltr'><strong>hoc</strong></span> <span class='ocrx_word' id='word_1_724' title='bbox 3116 5576 3471 5661; x_wconf 40' lang='lat' dir='ltr'><strong>triarii-uentum</strong></span> 
     </span>
    </p>
   </div>
   <div class='ocr_carea' id='block_1_113' title="bbox 1902 5644 3374 5729">
    <p class='ocr_par' dir='ltr' id='par_1_113' title="bbox 1902 5644 3374 5729">
     <span class='ocr_line' id='line_1_113' title="bbox 1902 5644 3374 5729; baseline -0.014 -15"><span class='ocrx_word' id='word_1_725' title='bbox 1902 5644 2046 5715; x_wconf 42' lang='lat' dir='ltr'><strong>ex‘lf</strong></span> <span class='ocrx_word' id='word_1_726' title='bbox 2063 5656 2297 5729; x_wconf 84' lang='lat' dir='ltr'><strong>quodam</strong></span> <span class='ocrx_word' id='word_1_727' title='bbox 2322 5651 2597 5708; x_wconf 88' lang='lat' dir='ltr'><strong>Theodori</strong></span> <span class='ocrx_word' id='word_1_728' title='bbox 2636 5647 2944 5718; x_wconf 83' lang='lat' dir='ltr'><strong>dogtnatico</strong></span> <span class='ocrx_word' id='word_1_729' title='bbox 2972 5644 3374 5714; x_wconf 84' lang='lat' dir='ltr'><strong>depromptum.</strong></span> 
     </span>
    </p>
   </div>
  </div>
