3834 6224
358 261 457 318 7h
1558 253 1908 319 THEODORI
1943 256 2424 318 MOPSUESTENI
3523 254 3635 308 712

361 414 492 460 tunc
539 405 804 477 temporis
850 402 1198 461 aestimabant
1240 415 1396 467 esse,
1435 407 1492 456 et
1542 401 1779 472 amplius
1823 401 1983 456 nihil.
2015 399 2173 467 Quod
2207 402 2353 455 enim
2388 415 2442 452 ιιι
2475 397 2570 451 illo
2600 397 2825 462 latebat,
2870 395 3126 451 omnibus
3157 401 3275 449 erat
3305 391 3636 448 incredibile

363 501 550 573 priore
582 508 829 572 tempore
858 519 874 556 :
911 499 1007 557 sed
1039 513 1108 552 ex
1139 496 1526 568 magnitudine
1549 511 1744 553 eorum
1775 512 1898 568 qua:
1923 497 2074 552 circa
2101 496 2253 552 illum
2311 497 2636 566 agebantur.
2665 504 2721 549 et
2750 493 2991 550 novitate
3024 491 3439 552 miraculorum,
3475 501 3634 556 qua:-

362 609 581 666 cunque
604 595 672 650 ad
699 593 1009 650 doctrinam
1037 592 1345 648 videntium
1376 590 1648 648 efﬁciebat
1673 631 1689 658 ,
1724 602 1781 648 et
1813 608 1879 648 ex
1927 593 2104 666 gratia
2140 593 2317 648 sancti
2352 589 2593 662 Spiritus
2625 592 2717 661 qui
2749 606 2918 660 super
2945 589 3227 658 apostolos
3252 586 3426 648 venit,
3466 583 3634 637 intel-

364 691 541 747 lectus
567 697 652 745 est
683 699 873 760 postea
903 695 958 744 et
988 686 1233 744 creditus
1259 702 1426 743 verus
1462 685 1630 752 Deus,
1663 689 2038 745 essentialiter
2063 698 2290 742 exstans
2323 685 2494 743 Filius
2526 702 2692 740 verus
2722 684 2820 740 Dei
2857 683 3071 738 aeterni.
3104 679 3374 747 Quoniam
3409 691 3540 730 vero
3574 675 3634 727 in

367 784 550 857 priore
595 792 842 854 tempore
892 779 1252 853 ignorabatur
1291 778 1396 834 hoc
1432 779 1736 834 secundum
1770 779 2068 834 essentiam
2101 791 2339 840 exstare,
2389 793 2455 832 ex
2502 793 2569 832 eo
2595 785 2778 831 autem
2814 773 2960 845 quod
2995 771 3286 843 apparebat
3317 764 3635 821 videntibus

365 876 529 934 homo
563 890 736 944 purus
770 874 1086 945 putabatur,
1121 869 1423 926 secundum
1460 870 1737 926 hominem
1765 872 2048 942 pleraque,
2080 879 2136 926 et
2165 870 2472 925 secundum
2523 885 2644 924 eam
2680 885 2803 939 quae
2832 867 3128 939 apparebat
3151 872 3404 916 naturam
3434 859 3635 927 loque-

367 968 549 1023 batur.
585 965 649 1019 Et
681 966 796 1020 haec
826 982 893 1020 ex
923 965 1007 1022 bis
1039 982 1163 1036 qua:
1195 969 1250 1023 in
1277 967 1573 1039 Evangelio
1607 968 1814 1039 scripta
1846 981 1968 1024 sunt
1999 967 2181 1038 quivis
2213 968 2452 1022 inveniet
2491 965 2936 1019 animadvertens
2966 961 3247 1016 attentius.

437 1063 728 1118 Proximus
759 1061 834 1133 (Ι)
864 1063 1028 1116 etiam
1063 1063 1308 1133 passioni
1333 1063 1401 1118 ad
1423 1063 1726 1133 discipulos
1754 1062 2020 1118 Dominus
2042 1062 2179 1117 dixit
2203 1080 2215 1116 :
2243 1060 2302 1117 Si
2332 1077 2413 1115 me
2439 1061 2665 1126 sciretis,
2698 1060 2876 1129 utique
2903 1067 2952 1110 et
2985 1055 3198 1110 Patrem
3227 1068 3397 1106 meum
3422 1047 3634 1104 sciretis

367 1155 550 1227 (Joan.
579 1171 697 1220 vtlt,
725 1155 811 1228 19)
831 1176 845 1224 ;
865 1166 919 1213 et
945 1159 1012 1213 ad
1041 1154 1352 1226 Philippum
1387 1174 1402 1211 :
1435 1155 1606 1210 Tanto
1633 1163 1864 1223 tempore
1894 1155 2160 1208 vobiscum
2187 1169 2328 1216 sunt,
2353 1161 2404 1207 et
2438 1169 2542 1206 non
2573 1150 2885 1221 cognovistis
2908 1151 3030 1204 me?
3051 1146 3236 1216 (Joan.
3264 1161 3371 1205 HV,
3391 1143 3470 1213 9.)
3498 1140 3632 1193 Plii-

367 1251 521 1319 lippe,
547 1252 640 1322 qui
663 1251 798 1306 videt
823 1268 928 1316 me,
952 1251 1087 1305 ridet
1109 1261 1158 1307 et
1185 1251 1404 1306 Patrem
1436 1267 1638 1314 meum;
1662 1251 1960 1306 ostendens
1985 1251 2248 1321 quoniam
2278 1266 2456 1318 neque
2480 1249 2722 1304 divinam
2757 1255 3011 1304 naturam
3046 1245 3292 1302 sciebant
3326 1237 3633 1310 Unigeniti,

366 1361 545 1416 neque
597 1345 765 1401 Deum
825 1349 1076 1404 sciebant
1129 1362 1318 1401 verum
1355 1345 1596 1402 Patrem.
1637 1345 1789 1402 Unde
1835 1363 2014 1417 neque
2067 1347 2338 1401 dicentem
2367 1345 2435 1400 de
2468 1347 2690 1416 proprio
2721 1344 2881 1400 Patre
2911 1341 3078 1397 veluti
3107 1336 3176 1391 de
3208 1335 3316 1390 Deo
3354 1334 3632 1388 dicentem

365 1435 716 1504 aliquatenus
752 1439 1110 1497 advertebant
1147 1462 1160 1498 :
1196 1443 1293 1498 setl
1328 1443 1505 1498 divisa
1537 1443 1901 1513 intelligentia
1931 1443 2120 1498 eadem
2153 1443 2272 1512 ipsa
2314 1443 2581 1512 putabant
2610 1443 2774 1496 etiam
2823 1441 2938 1495 illa.
2983 1438 3122 1492 Ilinc
3154 1436 3319 1492 etiam
3351 1431 3634 1486 adductus

363 1535 449 1582 est
479 1528 765 1602 Philippus
792 1533 861 1587 ad
894 1533 1186 1589 dicendum
1215 1553 1228 1589 :
1269 1534 1499 1590 Ostende
1525 1536 1676 1590 nobis
1711 1533 1952 1600 Patrem,
1983 1543 2033 1589 et
2067 1535 2259 1604 stt/ﬁcit
2292 1535 2440 1588 nobis
2473 1533 2654 1604 (Joan.
2686 1549 2796 1595 xtv,
2827 1532 2902 1602 8).
2937 1530 2994 1585 Si
3025 1530 3171 1583 enim
3200 1527 3366 1581 sciret
3395 1524 3632 1590 integre,

365 1619 496 1690 quia
527 1619 744 1678 Patrem
781 1641 940 1680 suum
973 1627 1190 1683 dicebat
1219 1643 1377 1694 eum,
1407 1629 1503 1700 qui
1535 1644 1594 1685 re
1624 1643 1753 1684 vera
1785 1629 1909 1699 ejus
1939 1638 2086 1685 esset
2115 1639 2294 1701 pater,
2326 1645 2394 1685 ex
2425 1645 2536 1700 quo
2567 1636 2685 1684 erat
2717 1644 2843 1682 vere
2871 1628 3014 1682 sicut
3045 1626 3188 1681 Deus
3218 1638 3282 1678 ex
3314 1619 3444 1682 Deo,
3479 1633 3632 1671 nun-

366 1733 533 1786 quam
585 1719 856 1786 dixisset,
904 1725 1118 1780 ostende
1164 1726 1314 1781 nobis
1364 1725 1582 1783 Patrem
1623 1733 1809 1789 tuum,
1843 1728 1982 1782 bene
2031 1727 2214 1783 sciens
2247 1727 2376 1796 quia
2410 1727 2704 1782 invisibilis
2731 1735 2814 1781 est
2843 1720 3157 1778 hominibus
3187 1714 3373 1770 divina
3409 1720 3634 1766 natura.

365 1807 783 1878 Cousequeuter
807 1812 992 1883 itaque
1019 1823 1072 1871 et
1103 1815 1371 1873 Dominus
1401 1817 1540 1873 dixit
1569 1818 1636 1874 ad
1669 1819 1822 1875 illum
1847 1837 1860 1872 :
1888 1819 2058 1875 Tanto
2089 1829 2316 1887 tempore
2341 1817 2613 1873 vobiscum
2645 1833 2783 1882 sum,
2807 1824 2855 1868 et
2882 1830 2982 1867 non
3011 1806 3332 1879 cognovistis
3358 1818 3461 1863 me,
3497 1799 3636 1853 Plii-

369 1900 546 1968 lippe?
575 1901 742 1972 (Ibid.
777 1904 854 1976 9.)
899 1905 1048 1965 Velle
1073 1911 1219 1964 enim
1254 1909 1471 1967 Patrem
1501 1912 1706 1978 videre,
1738 1913 2002 1968 indicium
2035 1921 2155 1969 erat
2195 1927 2263 1968 eo
2305 1912 2456 1984 quod
2487 1927 2666 1983 neque
2701 1913 2879 1982 ipsutu
2912 1909 3076 1964 sciret
3108 1905 3234 1974 quis
3253 1911 3401 1957 esset
3431 1911 3640 1952 secun-

367 1997 499 2052 dutn
534 2008 828 2067 naturam,
864 2018 1044 2074 neque
1087 2021 1252 2075 quem
1282 2006 1492 2062 diceret
1535 2006 1752 2062 Patrem
1777 2023 1933 2076 esse,
1963 2007 2138 2064 Filius
2167 2024 2233 2064 ex
2276 2023 2343 2063 eo
2373 2017 2618 2064 exstans.
2652 2005 2717 2060 Et
2745 2007 2997 2077 aperiens
3029 2001 3134 2054 hoc
3163 1997 3344 2067 ipsum
3371 1991 3582 2046 addidit
3622 2007 3639 2043 :

370 2090 475 2157 Qui
504 2093 642 2148 videt
678 2110 780 2157 me,
809 2094 948 2149 videt
970 2109 1016 2150 et
1050 2097 1292 2155 Patrem.
1329 2101 1386 2155 Si
1412 2101 1558 2156 enim
1595 2103 1948 2172 cognoveris,
1981 2101 2182 2172 inquit,
2215 2101 2344 2172 quis
2371 2102 2498 2166 sim,
2528 2115 2833 2172 cognosces
2865 2106 2918 2152 et
2948 2094 3121 2156 illum,
3155 2087 3454 2144 secundum
3488 2083 3638 2153 quod

369 2183 633 2252 possibile
661 2193 768 2248 est,
803 2202 900 2255 per
924 2202 1011 2241 me
1033 2193 1420 2261 contemplans
1443 2189 1624 2246 Patris
1651 2200 1930 2259 naturam,
1957 2193 2116 2261 cujus
2143 2209 2264 2248 sum
2296 2193 2468 2246 Filius
2498 2207 2562 2246 ex
2591 2192 2710 2262 ipso
2733 2197 2960 2246 exstaus
2985 2184 3285 2242 secundum
3315 2179 3638 2239 essentiam,

367 2289 423 2333 et
457 2279 706 2350 ejusdem
735 2298 861 2336 cum
891 2285 986 2338 illo
1024 2294 1255 2340 exstans
1295 2285 1571 2339 essentiae.
1605 2285 1876 2350 Quoniam
1924 2301 2056 2340 vero
2089 2286 2272 2340 nescis
2300 2299 2410 2348 me,
2439 2299 2617 2354 neque
2649 2282 2870 2337 Patrem
2915 2295 3093 2334 meum
3129 2278 3240 2332 scis
3271 2287 3433 2342 quem
3465 2269 3595 2322 dico
3626 2287 3639 2321 :

367 2383 711 2439 cognoscens
740 2379 924 2427 autem
956 2388 1063 2440 me,
1099 2389 1404 2444 cognosces
1437 2383 1492 2429 et
1517 2374 1732 2429 Patrem
1759 2389 1924 2444 quem
1957 2375 2072 2431 dixi
2106 2391 2121 2428 :
2155 2391 2242 2431 me
2267 2374 2458 2430 videns
2493 2373 2958 2444 contemplatione
2991 2367 3387 2439 intelligentiae,
3428 2380 3522 2433 per
3551 2379 3640 2416 me

368 2461 582 2519 videbis
622 2466 849 2520 omnino
875 2467 1041 2519 etiam
1071 2466 1248 2520 illttm.
1276 2466 1506 2520 Addidit
1535 2467 1702 2520 etiam
1735 2485 1748 2522 :
1798 2466 1970 2536 Usque
2014 2483 2150 2522 nunc
2200 2467 2334 2520 nihil
2370 2467 2574 2537 petistis
2605 2467 2656 2519 in
2695 2465 2902 2518 nomine
2929 2478 3040 2516 meo
3071 2459 3252 2530 (Joan.
3278 2470 3388 2518 xvt,
3425 2453 3536 2522 2i).
3578 2452 3640 2504 lit

368 2556 623 2625 aperiens
670 2556 931 2625 quoniam
983 2555 1219 2611 necdum
1265 2555 1506 2611 divinam
1543 2565 1797 2611 naturam
1825 2559 1948 2628 ejus
2003 2558 2407 2629 intelligentes,
2442 2574 2623 2628 neque
2662 2557 2945 2611 orationes
2989 2557 3038 2609 ei
3082 2552 3385 2607 offerebant
3428 2555 3486 2600 ut
3527 2545 3640 2640 Deo

369 2660 553 2716 neque
578 2647 873 2716 petitiones
900 2647 1114 2716 aliquas
1141 2646 1196 2698 in
1227 2645 1348 2713 ejus
1377 2645 1600 2700 nomine
1634 2646 1929 2711 faciebant,
1961 2649 2103 2702 sicut
2133 2650 2422 2718 oportebat
2458 2650 2637 2703 facere
2672 2649 2727 2702 in
2768 2647 2989 2701 nomine
3015 2644 3109 2698 Dei
3143 2643 3412 2698 exstantis
3437 2648 3488 2694 et
3513 2637 3639 2691 Filii

373 2739 467 2796 Dei
499 2742 744 2796 omnium
774 2761 786 2796 :
823 2751 877 2796 et
905 2743 1033 2812 quia
1071 2749 1292 2811 propter
1327 2741 1468 2795 hanc
1500 2757 1689 2796 eorum
1739 2743 2109 2797 infirmitatetn
2145 2743 2198 2796 in
2247 2743 2705 2798 similitudinibus
2734 2744 2801 2795 de
2830 2741 2989 2795 Patre
3017 2739 3366 2808 loquebatur,
3395 2748 3461 2788 eo
3490 2731 3639 2801 quod

371 2849 552 2906 neque
574 2835 652 2889 illi
686 2843 985 2904 potuerunt
1016 2837 1226 2908 integre
1253 2841 1397 2892 scire
1428 2853 1490 2892 ea
1514 2853 1634 2908 qua:
1659 2839 1994 2904 dicerentur,
2016 2841 2100 2893 vel
2127 2840 2195 2894 de
2215 2855 2328 2910 quo
2352 2841 2558 2896 diceret
2584 2839 2768 2902 Patre,
2795 2839 2876 2893 vel
2907 2836 3143 2907 qualiter
3169 2842 3434 2895 exstante,
3460 2830 3645 2884 adhuc

371 2930 620 3000 apertius
651 2930 944 2984 indicatur.
981 2931 1123 2986 Dixit
1149 2933 1292 2986 enim
1331 2950 1344 2986 :
1382 2931 1512 2987 Ilwc
1540 2935 1592 2986 in
1626 2933 1902 3003 parabolis
1932 2933 2138 2987 locutus
2169 2951 2286 2987 sum
2311 2935 2490 3000 vobis;
2523 2937 2661 2989 venit
2688 2935 2854 2997 hora,
2883 2927 3094 3002 quando
3129 2942 3230 2979 non
3249 2925 3368 2993 jam
3399 2927 3451 2975 in
3479 2939 3645 2992 para-

371 3023 516 3079 bolis
540 3023 731 3093 loquar
755 3024 920 3087 vobis,
943 3024 1033 3078 sed
1061 3025 1351 3078 manifeste
1375 3026 1438 3078 de
1464 3025 1626 3078 Patre
1649 3024 1979 3078 annuntiabo
2002 3025 2146 3080 vobis
2171 3023 2353 3096 (Joan.
2390 3042 2502 3087 xvr,
2540 3025 2654 3095 25).
2689 3025 2830 3091 Quid
2863 3033 3042 3078 autem
3069 3029 3188 3077 erat
3215 3020 3359 3092 quod
3393 3023 3458 3074 de
3483 3019 3647 3072 Patre

371 3130 483 3169 non
515 3116 806 3172 manifeste
837 3117 1081 3184 dixerat,
1115 3120 1222 3174 nisi
1255 3121 1383 3190 quia
1419 3136 1478 3174 re
1508 3136 1633 3174 vera
1675 3121 1918 3175 divinant
1967 3135 2218 3175 naturam
2255 3121 2535 3190 Unigeuiti
2568 3121 2908 3184 nesciebant,
2944 3137 3007 3174 ex
3035 3134 3145 3190 quo
3179 3126 3400 3189 possent
3425 3115 3646 3170 discere

373 3205 543 3264 Deum
569 3208 810 3274 Patrem,
843 3212 938 3282 qui
973 3228 1037 3266 ex
1067 3223 1219 3267 certo
1245 3213 1364 3282 ejus
1385 3223 1531 3267 esst-t
1554 3213 1735 3279 Pater,
1765 3224 1822 3267 ιιι
1851 3215 1992 3270 Deus
2016 3214 2108 3268 Dei
2137 3230 2200 3269 ex
2231 3216 2430 3268 conati
2456 3214 2756 3270 secundum
2788 3212 3130 3270 essentiam?
3159 3211 3330 3281 Cujus
3361 3211 3434 3262 rei
3469 3210 3647 3279 gratia

372 3317 470 3372 per
529 3303 922 3360 similitudines
967 3310 1050 3363 eis
1099 3307 1166 3362 de
1195 3305 1357 3362 Patre
1387 3309 1717 3378 loquebatur
1760 3328 1774 3366 :
1811 3326 1954 3364 nunc
1999 3310 2218 3380 quidem
2270 3311 2492 3364 nomine
2526 3318 2739 3363 tantum
2783 3310 2926 3380 apud
2955 3324 3052 3364 eos
3088 3316 3272 3373 utens,
3305 3305 3427 3374 ejus
3459 3313 3647 3358 autem

371 3413 556 3454 veram
587 3398 998 3471 intelligentiam
1028 3402 1082 3456 in
1119 3411 1401 3474 posterum
1433 3403 1542 3458 illis
1568 3419 1862 3459 reservans
1895 3405 2134 3469 edicere,
2170 3404 2393 3478 quando
2419 3419 2514 3460 eos
2539 3404 2712 3474 gratia
2740 3404 2981 3473 Spiritus
3007 3403 3182 3460 sancti
3213 3419 3335 3472 qua:
3360 3418 3526 3472 super
3549 3418 3648 3458 eos

375 3497 543 3559 venit,
598 3495 898 3553 instituens
938 3499 1327 3570 perceptibiles
1353 3507 1519 3554 tanta:
1548 3500 1816 3555 doctrina:
1834 3501 2140 3570 perliceret.
2168 3499 2398 3572 Propter
2435 3501 2538 3555 hoc
2576 3502 2742 3555 etiam
2775 3500 2892 3570 ipse
2920 3499 3190 3556 Dominus
3224 3501 3278 3554 in
3305 3501 3496 3555 eodem
3526 3501 3650 3566 ipso

373 3602 632 3643 sermone
645 3589 932 3659 proximus
955 3590 1224 3660 passioni,
1252 3599 1313 3644 ut
1336 3591 1711 3645 infirmitatem
1729 3607 1920 3646 eorum
1950 3593 2286 3656 ostenderet,
2312 3593 2453 3648 unde
2473 3601 2701 3662 possent
2731 3592 3039 3649 doctrinam
3073 3596 3450 3665 perfectioretn
3487 3610 3649 3650 assu-

374 3697 546 3746 mere,
598 3683 813 3738 dicebat
846 3702 858 3738 :
889 3685 1062 3740 Multa
1107 3685 1272 3741 habeo
1322 3687 1464 3742 vobis
1513 3687 1686 3742 dicere
1731 3686 1898 3759 (Ibid.
1955 3689 2062 3759 12).
2102 3687 2274 3756 Cujus
2319 3702 2454 3759 ergo
2505 3687 2584 3741 rei
2633 3688 2810 3757 gratia
2843 3691 3005 3743 modo
3040 3706 3148 3744 non
3177 3691 3350 3744 dicis?
3379 3689 3504 3759 quia
3537 3706 3646 3742 non

372 3777 607 3846 potestis
638 3777 802 3832 modo
827 3789 1052 3849 portare
1086 3799 1100 3836 :
1139 3797 1249 3837 non
1287 3781 1565 3845 invidens,
1597 3781 1693 3836 sed
1724 3783 1854 3853 quia
1887 3799 1995 3836 non
2029 3782 2280 3836 suflicitis
2313 3783 2377 3836 ad
2411 3782 2674 3847 maiorem
2709 3798 2893 3836 rerum
2922 3785 3348 3853 perceptionem,
3378 3782 3650 3836 infirmius

375 3869 556 3924 adhuc
588 3869 792 3934 affecti,
825 3889 990 3943 quam
1017 3883 1076 3928 ιιι
1100 3873 1298 3928 horum
1323 3873 1641 3944 dogmatum
1671 3873 2040 3942 integritatem
2069 3875 2308 3944 possetis
2331 3873 2572 3928 edoceri.
2610 3871 2844 3936 Quando
2871 3888 3000 3944 ergo
3031 3881 3310 3944 poterunt,
3346 3872 3428 3926 vel
3459 3872 3651 3930 unde?

373 3965 608 4032 Quando
648 3969 859 4023 venerit
892 3971 984 4025 ille
1014 3969 1259 4041 Spiritus
1304 3969 1592 4035 veritatis,
1635 3969 1860 4025 inducet
1899 3985 1996 4024 vos
2047 3969 2100 4023 in
2151 3985 2367 4023 omnem
2412 3968 2722 4022 veritatem.
2769 3966 3133 4038 Superveniet
3173 3968 3316 4020 enim
3356 3980 3520 4033 super
3551 3980 3652 4018 vos

376 4056 618 4129 Spiritus
641 4063 816 4116 sancti
837 4063 1032 4131 gratia,
1059 4078 1125 4118 ex
1147 4078 1255 4133 qua
1284 4072 1483 4118 cuncta
1506 4063 1822 4134 dogtnatum
1857 4064 2217 4119 subtilitatem
2253 4065 2621 4133 cognoscetis.
2648 4061 2884 4116 Proinde
2918 4063 2962 4117 si
2993 4061 3335 4117 divinitatem
3373 4059 3650 4128 Uuigeniti

375 4155 711 4211 docerentur
738 4164 793 4211 et
821 4156 1037 4211 Patrem
1075 4157 1246 4214 Deum
1284 4160 1476 4230 utique
1505 4159 1840 4216 docerentur
1871 4169 2060 4232 utpote
2087 4161 2182 4215 Dei
2218 4159 2342 4214 Filii
2391 4160 2638 4222 Patrem,
2672 4159 2870 4229 ecquid
2907 4157 3204 4229 perfectius
3234 4155 3299 4208 ad
3331 4153 3650 4224 dogmatutn

375 4247 661 4302 scientiam
694 4247 776 4304 eis
808 4251 1150 4305 remaneret?

958 4345 1112 4401 CAP.
1155 4345 1351 4402 xxut.
1523 4344 1532 4347 ‘
1983 4365 2031 4417 Α
2690 4347 2830 4400 nso
2887 4344 3009 4398 Kl".

446 4432 614 4490 Vens.
651 4435 732 4492 l5.
764 4464 834 4476 -—
861 4434 1086 4491 Multam
1132 4437 1389 4508 (inquit)
1418 4437 1474 4492 in
1505 4452 1572 4493 eo
1605 4436 1951 4508 diligentiam

374 4524 700 4592 cxpromitis
727 4534 787 4578 ut
823 4525 1067 4596 aliquem
1099 4543 1164 4582 ex
1191 4528 1260 4584 iis
1283 4528 1378 4595 qui
1407 4527 1478 4584 ab
1502 4528 1764 4584 lsraelitis
1789 4529 1954 4584 alieni

377 4625 530 4682 sunt,
571 4615 639 4670 ad
669 4633 855 4672 veram
893 4619 1230 4692 jreligionem
1263 4620 1578 4685 adducatis,
1608 4628 1664 4677 et
1704 4619 1955 4676 efﬁciatis

377 4710 736 4780 proselytum.
767 4711 836 4764 At
876 4710 1044 4780 hujus
1085 4712 1180 4767 ubi
1221 4712 1360 4768 estis
1392 4712 1502 4768 voti
1535 4723 1842 4782 compotes,
1878 4713 1958 4767 si-

377 4799 513 4861 mul,
564 4799 812 4870 inquam,
841 4801 1083 4872 aliquem
1140 4803 1424 4874 mysteriis
1476 4818 1620 4858 vera:
1667 4802 1956 4873 religionis

377 4891 642 4946 initiastis
672 4891 971 4964 intimeque
999 4893 1348 4960 admovistis,
1377 4904 1492 4949 tum
1523 4909 1654 4949 vero
1687 4892 1956 4963 pestilen-

379 4984 528 5038 tibus
557 4984 825 5054 exemplis
857 4986 1128 5040 malorum
1163 5001 1394 5056 operum
1426 4994 1743 5042 vestrorum
1782 4983 1954 5038 filium

377 5073 640 5146 gehennae
669 5073 846 5144 ipsum
881 5072 1085 5128 facitis.
1839 5067 1842 5070 ’

971 5163 1124 5220 CAP.
1166 5162 1358 5222 XXIV.

449 5254 618 5310 Vens.
649 5254 740 5309 ‘29.
772 5283 844 5298 -
876 5253 1193 5310 Graecorum
1249 5259 1530 5330 sapientes
1565 5258 1660 5328 qui
1716 5257 1956 5312 futuram

380 5348 715 5402 confitentur
771 5347 959 5401 tnundi
1008 5348 1518 5420 conflagrationcnt,
1561 5365 1684 5422 quae
1732 5349 1958 5419 quidem

381 5445 469 5500 hic
502 5443 570 5500 de
599 5443 717 5500 sole
747 5457 812 5499 ac
849 5443 977 5498 luna
1023 5444 1169 5498 dicta
1219 5451 1350 5504 sunt
1377 5445 1536 5500 facile
1566 5443 1858 5514 recipiunt.
1887 5441 1956 5494 At

456 5623 471 5677 ί
482 5621 534 5690 1)
579 5638 598 5667 ι
632 5621 767 5676 Post
792 5619 1070 5690 aliquanta
1105 5621 1186 5674 sic
1223 5623 1420 5680 iterum
1453 5621 1605 5678 dicit.
1649 5641 1669 5674 ι

455 5691 530 5764 (2)
573 5691 792 5749 Possiui
827 5700 935 5747 cat.
971 5707 1025 5763 p.
1059 5693 1185 5748 505.

2130 4437 2278 4508 Στίχ.
2313 4443 2390 4492 ιε’.
2427 4465 2492 4480 -—-
2530 4436 2737 4508 Πολλὴν
2771 4435 2846 4506 (‘2)
2879 4431 3194 4502 ἐπιμέλειαν
3233 4421 3646 4486 ἐπεδείκνυσθε,

2060 4529 2246 4599 φησὶν,
2275 4529 2414 4582 ὥστε
2453 4529 2574 4582 τινὰ
2607 4528 2713 4580 τῶν
2738 4525 3033 4596 ἀλλοτρίων
3059 4520 3152 4575 τοῦ
3183 4516 3398 4590 Ἰσραὴλ
3429 4515 3520 4566 ἐπὶ
3549 4515 3650 4582 τὴν

2059 4621 2343 4674 εὐσέϐειαν
2373 4622 2596 4689 ἀγαγεῖν
2629 4621 2723 4672 καὶ
2757 4619 2978 4687 ποιῆσαι
3021 4612 3375 4686 προσήλυτον·
3425 4606 3650 4660 ἐπειδὰν

2059 4712 2116 4765 δὲ
2144 4713 2330 4766 τοῦτον
2363 4713 2566 4765 τέλειον
2600 4713 2866 4782 ποιήσητε
2899 4707 3116 4775 καὶτῆς
3142 4702 3422 4764 εὐσεϐείας
3453 4700 3653 4752 οἰκειὸ-

2059 4820 2242 4869 τατον,
2276 4804 2395 4856 τότε
2430 4803 2516 4856 διὰ
2545 4803 2654 4856 τῶν
2683 4803 2964 4874 ὑμετέρων
2994 4794 3246 4870 πράξεων
3276 4795 3387 4848 υἱὸν
3422 4791 3652 4864 γεέννης

2061 4895 2224 4949 αὑτὸν
2255 4894 2572 4966 ἐργάζεσθε.

2699 5161 2852 5213 ΚΕΦ.
2887 5159 3012 5212 KA'.

2141 5254 2288 5324 Στίχ.
2311 5285 2378 5296 ——
2397 5253 2498 5306 x0'.
2537 5253 2600 5305 Οἱ
2625 5252 2722 5321 τὴν
2760 5252 2836 5322 (ὅ)
2867 5249 3180 5320 ἐκπύρωσιν
3204 5247 3519 5316 εἰσάγοντες
3547 5246 3647 5301 τοῦ

2065 5347 2273 5416 κόσμου
2302 5345 2571 5416 Ἑλλήνων
2600 5345 2774 5414 σοφοὶ,
2799 5343 2866 5396 τὰ
2891 5343 2991 5413 μὲν
3023 5343 3149 5412 περὶ
3175 5340 3326 5410 ἡλίου
3362 5341 3454 5392 καὶ
3490 5337 3650 5408 σελή-

2064 5456 2161 5511 νης
2183 5436 2450 5508 εἰρημένα
2478 5436 2743 5507 δέχονται,
2773 5436 2955 5489 οὐκέτι
2993 5433 3050 5488 δὲ
3079 5433 3172 5488 καὶ
3201 5432 3299 5504 τὴν
3328 5431 3388 5496 ἐξ
3415 5429 3653 5502 οὐρα.νοῦ

2147 5615 2222 5686 (5)
2266 5613 2480 5673 Possini
2522 5625 2631 5673 cat.
2664 5630 2718 5687 p.
2749 5615 2876 5671 522.
