3834 6224
105 221 216 275 715

1340 223 1406 276 IN
1461 223 1909 281 EVANGEIJUM
1949 225 2188 280 MARCI.

3269 244 3374 298 τις

101 338 215 389 τῶν
243 336 490 407 ἀστέρων
511 336 719 391 πτῶσιν
745 338 1119 410 ὁμολογοῦσιν,
1141 341 1216 402 ὡς
1244 342 1566 407 ἀγνοοῦντες
1592 344 1693 416 τὴν
1722 351 1748 406 Α

1829 359 1922 410 uae
1945 344 2013 398 de
2047 359 2179 398 casu
2215 346 2495 400 stellarum
2523 362 2552 401 e
2586 348 2728 402 cmlo
2759 348 2849 403 bic
2886 349 3154 406 habentur
3180 354 3377 410 admit-

101 427 202 479 τοῦ
230 427 368 480 Θεοῦ
404 427 636 498 δύναμιν
667 430 760 484 καὶ
788 430 869 483 ὅτι
911 430 1089 484 πάντα
1127 431 1204 501 τῷ
1234 431 1497 503 θελήματι
1527 435 1692 488 αὐτοῦ

108 518 411 570 ἀκολουθεῖ.

179 607 326 677 Στίχ.
369 609 606 678 μη¹,μθ⁰.
631 640 700 649 -
727 610 800 663 Τὸ
840 611 938 680 μὲν
971 608 1063 665 οὖν
1099 613 1174 680 (1)
1205 613 1383 680 λέγειν
1408 614 1500 666 τὸν
1527 615 1696 668 κακὸν

109 698 315 762 δοῦλον,
344 700 424 753 ὄτι
459 701 718 768 Χρονίζει
743 705 775 754 ό
809 704 1032 770 κύριος,
1063 703 1269 756 τέθεικε
1302 708 1583 776 σημαίνων
1614 708 1695 760 ὅτι

111 790 210 842 οὐκ
243 790 419 853 ἄλλως
452 791 882 862 ἁμαρτάνουσιν,
909 794 1025 846 ἀλλ’
1047 797 1080 864 ἢ
1106 795 1185 864 τῷ
1218 796 1293 866 μὴ
1325 801 1578 868 παρεῖναι
1605 799 1697 851 τὸν

113 881 331 950 κριτὴν,
363 881 486 951 μηδ’
509 883 647 944 ὅλως
671 883 747 952 (2)
780 883 997 937 ἔσεσθαι
1027 885 1206 956 κρίσιν
1245 889 1444 940 ἐννοεῖν
1479 890 1693 950 αὐτούς·

114 971 174 1021 τὸ
188 970 264 1036 δὲ,
289 973 534 1024 τύπτειν
548 973 687 1038 τοὺς
704 973 1106 1039 συνδούλους,
1127 974 1293 1043 λέγει,
1324 976 1402 1045 τῷ
1438 979 1696 1046 μεγίστην

115 1057 363 1124 γίνεσθαι
389 1064 500 1123 τοῖς
540 1063 863 1131 ἀρχομένοις
891 1063 1094 1135 βλάϐην
1118 1066 1260 1119 κατὰ
1287 1066 1460 1138 ψυχὴν
1487 1069 1573 1121 διὰ
1592 1069 1697 1120 τῶν

118 1150 448 1220 σφαλμάτων
460 1151 586 1206 ’τῶν
609 1153 989 1209 διδασκόντων.

683 1432 932 1485 ΚΕΦΛΛ.
969 1433 1095 1486 KE'.

191 1521 342 1590 Στίχ.
378 1521 476 1574 κδ’.
505 1551 573 1561 —
607 1524 1000 1594 Κατακρύπτει
1026 1526 1102 1595 (ὅ)
1144 1526 1205 1578 τὸ
1239 1526 1498 1580 τάλαντον
1522 1528 1701 1596 ἀγνώ-

120 1633 239 1685 μων
269 1616 343 1668 ὢν
373 1616 468 1668 καὶ
500 1617 730 1688 ὀκνηρὸς
753 1660 767 1683 ,
814 1619 908 1670 καὶ
945 1619 1113 1688 μηδὲν
1159 1620 1533 1688 ἐργασάμενος
1575 1615 1646 1672 ὧν
1673 1623 1700 1672 ὀ

1799 445 1916 491 tere
1963 445 2245 501 recusant,
2278 438 2600 506 ignorantes
2635 441 2889 496 videlicet
2924 441 3020 497 Dei
3052 448 3371 514 potentiam,

1797 530 1958 598 cujus
2009 531 2239 584 nutibus
2288 539 2342 584 et
2393 532 2666 584 voluntati
2722 541 2922 586 cuncta
2971 535 3371 607 obsequuntur.

1873 620 2043 675 Vens.
2087 621 2180 686 48,
2213 621 2302 674 49.
2330 652 2399 660 -
2430 621 2585 686 Quod
2638 622 2916 676 inducitur
2955 624 3036 680 sic
3064 641 3248 681 secum
3294 629 3377 683 di-

1799 728 1932 768 cens
1974 716 2152 768 malus
2196 730 2392 769 servus
2439 715 2685 768 :Tardat
2726 717 2898 770 venire
2945 717 3262 774 dominus...
3311 736 3377 773 eo

1800 806 2146 875 signiﬁcatur
2187 822 2299 860 non
2348 809 2452 860 alia
2484 807 2594 861 fere
2628 808 2695 862 de
2737 823 2906 862 causa
2939 824 3173 878 peccare
3207 811 3377 865 homi-

1801 912 1899 951 nes
1937 912 2102 965 quant
2143 897 2290 966 quod
2344 907 2663 966 pra’sentem
2713 897 2954 966 judicent
2988 915 3097 954 non
3130 891 3374 967 videant,

1799 1001 1902 1041 nec
1945 988 2170 1039 omnino
2223 1001 2464 1056 unquam
2507 986 2750 1041 futurum
2787 988 3058 1057 judicium
3100 999 3371 1059 reputent.

1801 1080 1959 1145 Quod
2025 1080 2177 1133 addit
2236 1079 2440 1132 tnalum
2500 1095 2716 1133 servum
2769 1079 3040 1135 verberare
3077 1099 3374 1148 conservos,

1801 1171 1926 1226 ideo
1975 1170 2109 1224 dicit
2154 1170 2304 1240 quod
2339 1171 2642 1223 maximum
2677 1185 2740 1224 ac
2768 1171 2943 1242 plagis
2989 1173 3278 1242 quibusvis
3325 1183 3380 1230 et

1802 1262 2128 1316 verberibus
2174 1277 2273 1331 par
2318 1261 2730 1320 incommodum
2782 1264 2836 1315 in
2865 1263 3078 1317 animas
3110 1263 3380 1319 redundet

1803 1350 2151 1409 subditorum
2196 1367 2260 1406 ex
2292 1352 2476 1421 culpis
2515 1354 2914 1423 erroribusquc
2959 1355 3376 1425 magistrorum.

2408 1440 2562 1496 CAP.
2602 1441 2769 1497 XXV.

1877 1532 2042 1587 Vens.
2070 1533 2161 1586 9.4.
2186 1563 2254 1572 ——
2275 1533 2528 1588 Occultat
2559 1535 2823 1589 talentum
2844 1537 3100 1606 ingratus
3121 1550 3175 1592 et
3207 1539 3378 1609 piger,

1804 1626 2051 1694 nihilque
2081 1633 2342 1694 operatus
2369 1642 2559 1681 eorum
2589 1641 2713 1696 qua:
2745 1629 3003 1685 dominus
3037 1631 3138 1699 ipsi
3180 1647 3380 1700 [πωροι

117 1707 310 1778 κύριος
346 1708 493 1778 αὐτῷ
525 1687 861 1763 ἐνετείλατο⁰
904 1687 985 1763 διὸ
1011 1687 1128 1763 imi.
1158 1687 1452 1782 ἀρθήσεται
1492 1713 1586 1765 καὶ
1623 1713 1705 1765 δο-
1736 1687 1748 1741 1

1829 1725 1980 1772 ierat.
2012 1716 2136 1772 Ideo
2170 1717 2450 1774 auferetur
2489 1721 2558 1774 ab
2603 1722 2700 1776 illo
2740 1729 2795 1776 et
2825 1720 3050 1774 dabitur
3079 1722 3297 1776 habenti
3330 1730 3383 1777 et

118 1801 351 1871 θήσεται
381 1800 559 1871 ἔχοντι
595 1804 689 1855 κα)⁵
727 1802 1102 1873 ἐργαζομένῳ.

690 1896 938 1950 ΚΕΦΑΛ.
985 1897 1133 1962 KG’.

194 1985 343 2053 Στίχ.
373 1985 570 2049 κς’.-
597 1988 711 2038 υὺκ
739 1985 816 2056 (4)
845 1983 984 2040 εἶπε·
1011 1987 1180 2040 Τοῦτό
1206 1990 1322 2040 ἐστι
1349 1987 1410 2041 τὸ
1440 1989 1706 2059 σύμϐολον

119 2075 217 2128 τοῦ
250 2075 498 2147 σώματός
538 2096 657 2148 μου,
690 2080 784 2131 καὶ
816 2081 973 2132 τοῦτο
997 2079 1092 2132 τοῦ
1121 2081 1351 2151 αἵματός
1392 2099 1514 2152 μου,
1549 2082 1706 2147 ἀλλὰ,

127 2167 314 2221 Τοῦτό
329 2169 460 2222 ἐστι
487 2171 551 2223 τὸ
571 2170 744 2239 σῶμά
758 2189 877 2239 μου
903 2172 1002 2224 καὶ
1032 2172 1097 2224 τὸ
1120 2168 1262 2241 αἶμὰ
1278 2191 1418 2241 μου,
1444 2173 1709 2227 διδάσκων

120 2262 272 2330 ἡμᾶς
305 2263 378 2332 μὴ
403 2262 538 2331 πρὸς
560 2262 658 2334 τὴν
687 2262 846 2331 φύσιν
877 2265 1008 2335 ὁρᾷν
1032 2265 1126 2318 τοῦ
1163 2266 1542 2335 προκειμένου,
1574 2266 1710 2319 ἀλλὰ

121 2351 211 2402 διὰ
237 2351 337 2419 τῆς
369 2353 661 2423 γενομένης
697 2354 1047 2423 εὐχαριστίας
1087 2357 1166 2416 είς
1216 2355 1394 2425 σάρκα
1433 2356 1528 2409 καὶ
1570 2352 1709 2427 αἷμα

128 2441 582 2511 μεταϐάλλεσθαι.

200 2728 278 2798 (Il
316 2727 533 2799 Possini
571 2737 680 2783 cat.
716 2745 770 2799 p.
803 2723 928 2787 350.

199 2799 278 2869 (ε)
312 2797 457 2864 Cat.,
485 2801 560 2870 μὴ
587 2799 643 2852 δὲ
668 2797 827 2863 ὅλως.

1807 1808 2129 1878 negotianti.

2402 1896 2556 1954 CAP.
2594 1897 2786 1952 XXVI.

1879 1986 2044 2042 Vens.
2068 1987 2157 2040 26.
2186 2018 2255 2026 —-
2280 1986 2396 2041 Non
2425 1988 2560 2042 dixit
2598 2005 2610 2038 :
2644 1987 2758 2044 Hoc
2805 1999 2890 2043 est
2926 1990 3232 2060 symbolum
3265 2007 3384 2045 (τοι-ι

1809 2082 1962 2150 poris
2011 2081 2140 2147 mei,
2177 2082 2364 2135 ethoc
2408 2082 2713 2152 symbolum
2755 2084 3046 2152 sanguinis
3077 2085 3206 2148 mei,
3241 2085 3335 2139 sed
3370 2101 3382 2134 :

1813 2171 1926 2224 Hoc
1956 2182 2030 2224 est
2073 2188 2262 2238 corpus
2313 2189 2482 2225 nteant
2513 2182 2563 2226 et
2611 2175 2826 2243 sanguis
2873 2190 3038 2228 meus.
3073 2173 3239 2230 Docet
3287 2185 3386 2232 nos

1810 2279 1921 2316 non
1976 2264 2260 2318 attendere
2307 2273 2558 2318 naturam
2605 2265 2684 2319 rei
2717 2265 2978 2335 subjectae
3026 2281 3092 2322 ac
3132 2267 3388 2323 sensibus

1817 2354 2116 2424 propositae
2151 2371 2164 2405 :
2198 2369 2263 2409 ea
2311 2355 2460 2409 enim
2518 2371 2617 2424 per
2664 2357 2963 2425 gratiarum
3014 2358 3289 2413 actionem
3337 2372 3390 2412 et

1815 2446 1984 2500 verba
2030 2461 2193 2516 super
2221 2461 2339 2502 eam
2385 2448 2763 2517 pronuntiata,
2795 2447 2852 2502 in
2904 2463 3128 2504 carnem
3161 2458 3215 2504 et.
3263 2465 3388 2504 san-

1815 2537 2035 2606 guinem
2071 2545 2280 2591 niutata
2307 2550 2412 2593 est.

1911 2734 1962 2803 5)
2003 2733 2217 2790 Possini
2246 2742 2354 2789 cat.
2385 2751 2437 2803 p.
2475 2735 2600 2803 538.

1914 2802 1965 2874 4)
2005 2803 2224 2859 Possini
2251 2814 2360 2860 cat.
2387 2802 2441 2874 p.
2473 2802 2597 2859 δελ).

165 2987 3368 3021 mw

975 3161 1608 3268 THEODOBI
1685 3175 2529 3270 MOPSUESTENI

617 3366 727 3428 AD
784 3366 1316 3429 EVANGELIUM
1364 3362 1620 3430 MARCI
1663 3368 2233 3432 COMMENTARII
2282 3372 2780 3438 FRAGMENTA
2813 3376 2917 3457 (1).

737 3716 963 3768 ΚΕΦΔΛ
976 3755 992 3772 .
1045 3715 1120 3768 Γ’.

210 3799 364 3875 Στίχ.
395 3805 456 3858 δ’.
479 3833 549 3844 -—
591 3804 804 3875 Ἐρωτᾷ
831 3804 908 3874 (2)
936 3804 1064 3866 τοὺς
1107 3803 1388 3866 Ἰουδαίους
1409 3803 1439 3853 ὁ
1464 3802 1653 3871 Σωτὴρ
1676 3817 1724 3852 ει

143 3899 358 3963 ἔξεστιν
389 3899 445 3950 ὲν
473 3895 735 3966 Σαϐϐάτῳ
770 3893 1117 3966 θεραπεύειν,
1148 3895 1241 3947 καὶ
1275 3893 1451 3964 ψυχὴν
1492 3892 1660 3946 σῶσαι
1688 3892 1723 3963 ἦ

144 3991 412 4046 ἀπολέσαι
435 4007 448 4018 ·
482 3991 529 4042 οἱ
558 3989 614 4042 δὲ
651 3988 946 4054 σιωπῶσιν,
981 3988 1178 4052 εἰδότες
1213 3988 1294 4039 ὅτι
1322 3987 1538 4049 πάντως
1566 3987 1725 4039 αὐτὸν

143 4084 355 4137 ἰάσεται

1752 3721 1798 3781 C

2469 3713 2624 3768 CAP.
2667 3709 2752 3768 IlI.

1871 3803 2077 3880 _Vens.
2112 3805 2167 3859 4.
2195 3835 2264 3844 -
2285 3800 2505 3860 Judmos
2538 3806 2789 3861 Salvator
2811 3809 3113 3878 interrogat
3139 3821 3208 3863 an
3243 3809 3398 3865 liceat

1824 3893 1888 3947 in
1923 3893 2162 3949 Sabbato
2188 3909 2385 3950 sanare
2413 3903 2467 3949 et
2499 3895 2734 3950 animam
2762 3896 2973 3952 salvare
3001 3906 3095 3952 aut
3137 3899 3400 3968 perdere;

1821 3982 1888 4039 ibi
1925 4001 2054 4040 vero
2088 3986 2271 4042 silent.
2295 3995 2679 4054 exspectantes
2724 3987 2898 4043 donec
2929 3989 3151 4044 omnino
3179 3997 3400 4045 curetur

1831 4076 2102 4131 inﬁrmus.

1651 4185 1803 4240 CAP.
1835 4185 1926 4240 IV.

231 4309 402 4364 Vens.
431 4307 525 4361 9.1.
554 4334 626 4345 -—
657 4305 760 4358 Per
785 4303 1030 4357 modium
1068 4302 1143 4371 (5)
1172 4301 1392 4370 quidem
1423 4300 1636 4354 malitia
1663 4306 1827 4368 atque
1851 4306 2065 4353 terrena
2097 4299 2409 4367 prudentia,
2449 4314 2543 4368 per
2575 4299 2851 4353 lucernam
2879 4315 3007 4354 vero
3038 4300 3206 4355 virtus
3241 4302 3400 4355 intel‘

144 4401 366 4474 ligenda
395 4410 498 4454 est.
536 4397 662 4452 Ilaec
700 4396 887 4465 itaque
910 4395 1014 4448 sub
1046 4393 1257 4448 malitia
1283 4395 1541 4450 collocari
1578 4407 1690 4446 non
1714 4398 1916 4460 potest.
1949 4389 2208 4446 Lectulus
2240 4400 2422 4446 autem
2458 4391 2694 4460 pigritia:
2731 4392 3038 4461 symbolum
3069 4401 3168 4454 est,
3206 4396 3402 4464 quippe

141 4493 364 4564 corpori
394 4492 633 4561 quietem
659 4489 933 4559 praebens.
980 4485 1165 4541 Virtus
1195 4486 1378 4557 itaque
1397 4488 1460 4554 in
1484 4484 1703 4541 excelso
1724 4483 2102 4550 custodienda,
2141 4499 2250 4537 non
2282 4499 2378 4554 per
2403 4484 2678 4554 pigritiam
2709 4483 3030 4537 occultanda
3057 4492 3173 4553 est;
3199 4486 3400 4540 bonum

141 4587 293 4643 enim
322 4585 625 4655 neglectum
656 4582 816 4652 perit.

217 4743 367 4812 Στίχ.
399 4739 625 4804 κς’-κθ’.
650 4767 720 4778 --
763 4735 1078 4806 Βουλήματι
1110 4733 1363 4805 ἡμετέρῳ
1403 4731 1478 4803 (4)
1509 4732 1731 4802 ἐπιτρέ-

148 4853 268 4889 πων
295 4832 530 4887 ὲνταῦθα
570 4833 598 4883 ὁ
637 4831 827 4900 Σωτὴρ
868 4829 967 4897 τὴν
997 4825 1280 4898 ἐργασίαν,
1308 4823 1396 4876 ἵνα
1427 4824 1500 4894 μὴ
1531 4824 1590 4876 τὸ
1623 4824 1731 4876 πᾶν

145 4927 312 4988 αὐτὸς
341 4922 822 4993 κατεργαζόμενος·
847 4917 1125 4987 φαίνηται,
1154 4915 1248 4968 καὶ
1278 4913 1437 4984 ἡμῶν
1478 4913 1733 4966 ἀκούσιον

148 5018 308 5071 ἔσται
329 5015 391 5067 τὸ
421 5013 644 5082 ἀγαθὸν,
679 5011 774 5062 καὶ
809 5009 882 5079 μὴ
920 5007 1060 5060 κατὰ
1086 5005 1405 5076 προαίρεσιν
1439 5003 1735 5073 ἡμετέραν,

1913 4728 2081 4782 Vens.
2111 4726 2298 4780 26-29.
2332 4756 2400 4766 -—-
2429 4726 2541 4781 IIoc
2582 4728 2700 4782 loco
2753 4729 3018 4784 voluntati
3053 4740 3256 4786 nostra:
3283 4733 3405 4786 Sale

1841 4828 1998 4874 vator
2035 4818 2329 4873 committit
2383 4833 2546 4889 opus,
2581 4834 2660 4886 .ne
2712 4819 2830 4888 ipse
2879 4821 3062 4876 omnia
3098 4820 3295 4878 fecisse
3329 4825 3406 4876 vi:

1842 4913 2056 4975 deatur,
2077 4923 2181 4966 nec
2213 4908 2393 4964 virtus
2417 4917 2605 4965 nostra
2637 4911 2711 4966 sit
2734 4911 3103 4966 involuntaria
3127 4921 3224 4967 aut
3252 4913 3406 4969 indei

1847 5003 2102 5067 liberata,
2138 5017 2311 5072 quare
2359 5003 2466 5055 hoc
2515 5002 2796 5073 subjung‘it
2829 5022 2841 5057 :
2875 5002 3042 5058 Terra
3095 5004 3241 5059 enim
3306 5020 3406 5062 t-ia

234 5200 281 5270 (l
297 5207 314 5268 )
341 5195 691 5270 Theodorum
721 5193 890 5270 Marci
913 5187 1270 5262 Evangelium
1307 5189 1570 5270 singulari
1591 5202 1742 5242 com-
1770 5191 1819 5247 D
1846 5186 2076 5270 exposui
2103 5187 2176 5270 in
2206 5193 2500 5270 cunmm-ent.

160 5265 442 5324 méntario
477 5265 848 5319 illustravisse
881 5277 982 5317 nec
1018 5265 1585 5329 veterumiquisquam
1611 5273 1742 5327 pro-

158 5339 323 5400 didit,
356 5351 458 5392 nec
490 5334 772 5406 probabile
810 5329 1064 5409 est._$ed
1086 5345 1212 5385 cum
1235 5328 1479 5409 Marcum
1506 5343 1742 5409 prorsus

161 5410 442 5478 negligere
475 5400 591 5478 non
626 5411 835 5473 posset,
887 5401 1108 5478 videtur
1143 5416 1257 5454 rem
1287 5400 1363 5478 ita
1411 5400 1743 5478 instituisse,

154 5489 217 5532 ut
235 5467 408 5531 Elavrei
434 5475 526 5548 ubi
556 5467 696 5544 opus
717 5467 865 5548 esset
887 5472 947 5548 in_
965 5471 1303 5548 reliquorum
1325 5467 1744 5548 Evangeliorum

154 5538 897 5602 commentariis'rationem
935 5538 1183 5603 haberet,
1233 5554 1299 5593 ex
1335 5538 1542 5608 quibus
1567 5551 1743 5608 pauca

155 5618 492 5688 fragmenta,
547 5629 669 5684 quae
717 5627 883 5683 supra
918 5610 1107 5680 posui,
1165 5605 1474 5664 manarent.
1504 5605 1592 5665 Cl'.
1623 5622 1745 5679 qua:

371 5714 642 5771 Ρηιιοι..
682 5709 798 5768 Ca.
849 5705 1071 5766 LXVI.

1919 5253 1995 5327 (2)
2022 5257 2226 5327 Catena
2255 5253 2350 5309 Cr.
2376 5255 2597 5327 Eatrutn
2628 5255 2684 5327 i_n
2715 5253 2812 5327 Ev.
2845 5270 2970 5327 sec;
2985 5254 3151 5310 Marc.
3185 5255 3404 5327 collect.

1846 5321 2009 5394 atque
2101 5325 2328 5394 interpr.
2389 5324 2552 5380 Petro
2627 5323 2880 5380 Possino.
2937 5323 3095 5382 Rom.
3138 5321 3294 5384 1675.
3341 5326 3404 5388 ι’..

1845 5414 1899 5467 Ρ·
1919 5395 2228 5535 ngatena
2254 5469 2348 5520 Ur.
2368 5464 2665 5535 Patrumgin
2689 5463 2891 5535 Lucam
2919 5462 3109 5518 Latine
3124 5463 3210 5518 ed.
3230 5460 3407 5517 Balths

1845 5533 2164 5602 Corderius,
2191 5539 2356 5592 Antv.
2387 5534 2546 5599 i628,
2583 5533 2647 5600 f.,
2687 5549 2738 5603 p.
2774 5534 2897 5590 526-.

1918 5607 1993 5678 (4)
2025 5606 2242 5664 Possini
2269 5613 2375 5662 cat.
2404 5607 2461 5661 in
2481 5605 2646 5659 Marc.
2683 5619 2737 5673 p.
2773 5603 2860 5658 9t.

3006 5687 3083 5755 23
