3834 6224
228 170 340 223 717

1441 169 1504 223 ΙΝ
1550 166 2001 223 EVANGEIJUM
2058 166 2286 224 LUCAE.

3399 172 3502 227 7l8

229 284 453 353 χθῆναι,
482 284 567 337 ἵνα
588 284 675 337 τὸν
706 285 913 337 ἑαυτῶν
940 284 1161 337 ἔκαστοι
1190 283 1493 339 θεάσωνται
1535 285 1654 338 θεὸν
1682 287 1814 356 μήτε

1929 299 2034 354 quo
2060 286 2315 356 quisquis
2364 302 2523 342 suum
2568 289 2777 345 videret
2807 288 2994 349 deum,
3029 304 3207 359 neque
3249 289 3376 354 sibi,
3406 306 3504 346 nc-

229 374 413 444 ὲαυτῴ
433 376 569 446 μήτε
598 375 824 437 ἐκείνοις
852 375 1116 445 βοηθῆσαι
1132 376 1446 446 δυνάμενον,
1471 378 1563 429 καὶ
1594 376 1817 444 γνῶσιν,

226 464 309 529 ὡς
337 467 437 519 οὐκ
466 466 611 520 ἔστιν
641 469 699 520 ὲν
730 469 913 530 αὐτοῖς
938 469 1210 539 σωτηρίας
1243 469 1419 531 ἐλπίς.
1459 470 1578 537 Ὑφ’
1607 468 1705 522 ἕνα
1734 468 1822 521 ἄν·

226 556 334 625 δρα
372 559 448 627 (1)
501 558 772 611 τοσούτων
816 559 1123 628 γενομένων
1174 560 1343 613 ἐθνῶν
1392 560 1485 613 καὶ
1529 559 1665 612 θεῶν
1710 559 1820 612 τῶν

229 649 515 718 ἀρξάντων
553 650 685 702 ποτὲ
704 691 719 716 ,
760 650 929 703 πάλαι
962 652 1057 721 μὲν
1090 652 1193 704 ὑπὸ
1224 652 1496 705 Μακεδόσι
1524 653 1703 721 μόνοις
1729 669 1820 720 γε·

227 742 569 811 γενημένων,
603 737 701 795 εἶτ’
727 738 882 806 αὖθις
912 743 1018 797 ὑπὸ
1054 744 1364 813 Ῥωμαίοις,
1390 745 1485 797 καὶ
1514 745 1817 814 ζητούντων

228 833 389 894 Θεὸν,
430 827 582 904 ᾧπερ
627 836 884 903 ἀσφαλῶς
928 837 1423 890 καταπιστεύσειαν
1457 839 1714 903 ἑαυτοὺς,
1760 840 1818 890 ἐν

226 923 443 986 τούτοις
485 926 562 993 (2)
605 925 760 996 ὤφθη
822 927 1057 998 Χριστὸς
1109 929 1202 981 καὶ
1252 929 1526 997 δεομένοις
1570 930 1814 1000 ἐπεφάνη

229 1014 377 1065 κατά
401 1014 611 1082 καιρὸν,
648 1016 910 1087 πρότερον
940 1018 1037 1087 μὲν
1062 1018 1120 1069 οὐ
1153 1018 1293 1070 κατὰ
1324 1017 1473 1086 ἔθνη,
1510 1018 1645 1071 ἀλλά
1675 1021 1819 1074 κατά

229 1102 401 1173 ἄνδρα
434 1106 789 1176 ἐκλεγόμενος
823 1110 899 1177 (5)
925 1109 1033 1161 ἀπὸ
1060 1108 1168 1161 τῶν
1191 1109 1379 1171 ἐθνῶν,
1404 1108 1495 1172 οὓς
1527 1110 1816 1181 ἀνεύρισκε

229 1194 626 1264 πειθομένους,
655 1197 749 1249 νῦν
781 1198 839 1248 δὲ
883 1199 1025 1251 κατά
1066 1199 1215 1269 ἔθνη.
1261 1200 1335 1252 Οὐ
1384 1200 1493 1269 γὰρ
1533 1200 1815 1269 βιάζεσθαι

230 1283 483 1352 βούλεται
535 1287 597 1340 τὸ
628 1287 832 1340 ἐθέλειν
862 1289 1019 1358 ἡμῶν
1064 1291 1091 1342 ὁ
1131 1290 1284 1352 Θεὸς,
1320 1290 1386 1341 ἵν’
1420 1291 1554 1359 ὅπερ
1589 1291 1816 1361 θέλομεν

233 1375 312 1446 μὴ
340 1376 628 1447 ἐθέλωμεν·
657 1379 815 1431 τοῦτο
845 1380 953 1449 γὰρ
982 1380 1135 1433 οὐδὲν
1167 1381 1353 1451 ἕτερόν
1397 1384 1546 1434 ἐστιν
1587 1382 1619 1453 ἦ
1653 1400 1817 1453 μετα-

229 1471 411 1521 ποιεῖν
436 1469 534 1539 τὴν
566 1469 726 1537 φύσιν
754 1472 785 1539 ἡ
795 1470 932 1541 μῶν.

1923 392 2029 445 que
2056 377 2173 431 suis
2213 378 2471 447 opitulari
2498 380 2792 447 valentem,
2826 390 2991 452 atque
3030 381 3240 434 nullam
3274 381 3503 435 omnino

1922 468 1978 520 in
2005 466 2074 522 iis
2098 482 2223 523 esse
2261 469 2457 523 salutis
2485 485 2637 539 spem
2674 478 3060 541 cognosceret.
3094 468 3362 525 Redactis
3396 470 3501 523 ita-

1923 574 2031 629 que
2051 562 2154 615 sub
2175 568 2500 631 potestatem
2536 563 2699 616 unius
2729 563 2832 616 viri
2864 572 2940 617 tot
2956 562 3176 633 populis
3209 572 3372 631 atque
3396 562 3504 618 diis

1923 649 2076 705 hisce
2102 651 2381 720 quondam
2417 652 2841 721 imperantibus,
2874 668 2905 707 a
2936 652 3073 707 solis
3109 651 3333 722 quidem
3368 652 3501 706 olim

1920 741 2337 803 Macedonibus,
2373 743 2612 812 denique
2659 759 2792 798 vero
2835 760 2863 796 a
2899 743 3167 798 Romanis
3201 743 3501 811 subjectis,

1920 833 2100 902 iisque
2144 833 2311 888 Deum
2353 836 2751 904 quaerentibus,
2785 843 2845 889 ut
2888 837 2966 890 illi
3000 844 3119 892 tute
3153 851 3276 892 sese
3301 837 3499 890 crede-

1920 935 2042 980 rent
2092 928 2612 998 committereutque
2644 949 2655 982 :
2690 945 2785 999 per
2834 929 2886 984 id
2946 936 3166 999 tempus
3212 929 3369 984 visus
3416 936 3503 984 est

1918 1016 2193 1085 Christus,
2218 1026 2272 1071 et
2288 1031 2591 1088 opportune
2607 1020 2860 1089 apparuit
2889 1020 3281 1091 indigentibus.
3316 1018 3503 1075 Primo

1920 1109 2138 1177 quidem
2177 1126 2286 1163 non
2331 1110 2577 1181 singulos
2621 1118 2837 1180 gentes,
2892 1112 2989 1165 sed
3041 1110 3289 1181 singulos
3332 1110 3503 1164 homi-

1919 1216 2037 1261 nes.
2074 1218 2212 1269 quos
2262 1202 2453 1257 ﬁdeles
2507 1202 2785 1256 iuvenitde
2824 1203 3245 1272 gentibuselegit
3306 1218 3318 1252 :
3354 1218 3501 1257 nunc

1920 1307 2049 1346 vero
2079 1293 2321 1362 singulas
2348 1302 2560 1362 gentes.
2595 1294 2738 1348 Deus
2784 1295 2929 1349 cnim
2973 1311 3084 1349 non
3120 1296 3234 1349 vult
3263 1296 3372 1349 vim
3405 1311 3502 1348 vo-

1918 1384 2115 1439 luntati
2144 1393 2350 1439 nostra:
2380 1385 2600 1451 inferri,
2632 1396 2710 1447 ut,
2739 1386 2887 1456 quod
2936 1386 3214 1448 volumus,
3244 1401 3356 1441 non
3403 1402 3499 1440 vo-

1917 1477 2204 1531 luerimus.
2246 1476 2360 1531 lloe
2410 1478 2556 1532 enim
2599 1478 2737 1531 nihil
2787 1477 2936 1532 aliud
2977 1486 3085 1541 est,
3123 1478 3231 1533 nisi
3281 1485 3501 1532 mutare

1916 1574 2170 1619 naturam
2204 1576 2473 1620 nostram.

303 1653 382 1721 (4)
411 1654 521 1706 Καὶ
539 1654 682 1716 τίνος
710 1654 867 1725 χάριν
898 1655 1027 1707 ποτὲ
1053 1654 1152 1723 μὲν
1171 1654 1363 1723 τούτῳ,
1393 1655 1521 1709 ποτε
1543 1654 1599 1707 δὲ
1623 1656 1814 1721 ἐκείνῳ

1987 1656 2054 1710 Ει
2075 1673 2237 1727 quam
2260 1658 2329 1710 ob
2350 1672 2572 1710 causam
2605 1658 2740 1712 alias
2777 1659 2999 1727 quidem
3030 1658 3179 1725 huic,
3202 1660 3339 1713 alias
3369 1674 3502 1714 vero

227 1746 309 1816 τῷ
342 1746 484 1799 ἔθνει
504 1748 603 1809 τὰς
634 1747 1073 1820 καθολικωτέρας
1097 1749 1197 1817 τῆς
1219 1749 1546 1819 οἰκουμένης
1572 1748 1819 1812 ἐξουσίας

231 1839 519 1909 παρεδίδου
547 1840 576 1890 ὁ
604 1840 754 1902 Θεὸς,
783 1839 857 1903 ὼς
896 1843 1008 1902 τοῖς
1032 1841 1171 1893 κατὰ
1198 1840 1273 1911 (5)
1303 1841 1492 1909 καιρὸν
1522 1840 1818 1911 κρατοῦσιν

227 1929 418 1998 νόμοις
448 1931 542 1983 καὶ
582 1931 730 2001 ἡμᾶς
783 1932 992 1994 πάντας
1031 1948 1090 1984 τε
1135 1931 1369 2001 χρῆσθαι
1422 1932 1496 2001 (6)
1545 1933 1673 1995 τοὺς
1718 1933 1820 1984 ὐπ-

225 2020 459 2089 ηκὸουςς
485 2021 597 2073 Καὶ
623 2021 688 2073 δι’
718 2021 882 2083 ἄλλας
907 2022 1004 2091 μὲν
1034 2020 1232 2085 πολλὰς
1255 2023 1432 2085 αἰτίας
1463 2022 1667 2086 ταύτας
1698 2040 1822 2076 συν-

227 2110 427 2183 εχώρει
460 2112 559 2174 τὰς
608 2112 908 2181 μεταϐολὰς
941 2111 1186 2180 γίνεσθαι
1224 2114 1317 2167 καὶ
1342 2113 1430 2169 διὰ
1474 2114 1534 2166 τὸ
1572 2114 1809 2184 χρῆσθαι

226 2204 380 2273 Θεῷ,
423 2204 508 2257 ἵνα
538 2203 763 2256 ἔλθωσιν
789 2204 871 2274 (7)
912 2203 971 2270 ἐξ
1008 2205 1254 2275 ἀνάγκης
1282 2207 1374 2258 ἐπὶ
1418 2206 1477 2259 τὸ
1511 2206 1691 2276 ζητεῖν
1719 2207 1811 2261 τὸν

226 2295 398 2358 ὅντως
418 2295 568 2349 Θεόν.

1920 1750 1995 1804 illi
2033 1750 2233 1818 pepulo
2276 1750 2587 1803 universale
2627 1750 2680 1803 in
2731 1752 2924 1805 orbem
2960 1760 3236 1806 terrarum
3276 1751 3503 1807 tradidit

1918 1839 2222 1893 dominium
2262 1840 2429 1901 Deus,
2460 1842 2534 1893 ita
2569 1849 2627 1894 ut
2669 1857 2771 1897 nos
2803 1857 3026 1912 quoque
3058 1858 3252 1899 omnes
3287 1844 3502 1913 legibus

1918 1932 2023 1985 hoc
2059 1942 2305 2001 tempore
2338 1933 2736 2001 imperantibus
2770 1949 2980 1988 morem
3005 1934 3303 2005 geramus?
3327 1935 3503 1990 Alias-

1918 2036 2024 2092 que
2056 2021 2259 2074 multas
2297 2020 2367 2074 ob
2393 2035 2590 2074 causas
2630 2020 2793 2075 basce
2832 2022 3165 2077 mutationes
3194 2022 3332 2086 ﬁeri,
3360 2023 3502 2076 Deo-

1918 2132 2027 2185 que
2059 2115 2137 2169 uti
2174 2116 2476 2176 concessit,
2512 2121 2573 2167 ut
2608 2115 2945 2171 necessitate
2973 2116 3149 2171 coacti
3179 2118 3400 2171 veniant
3431 2117 3501 2172 ad

1918 2207 2275 2279 quaerendum
2308 2223 2496 2261 vcrttm
2525 2206 2712 2260 Deum.

1735 2409 1887 2465 CAP.
1920 2408 2007 2464 Ill.

303 2524 471 2581 Vens.
502 2527 592 2580 22.
619 2558 690 2567 —
712 2526 828 2583 Hoc
858 2528 1005 2583 enim
1046 2529 1145 2598 (8),
1189 2532 1335 2600 quod
1362 2549 1373 2583 :
1414 2532 1512 2584 llic
1542 2541 1615 2584 est
1652 2530 1829 2583 Filius
1859 2546 2003 2583 meus
2032 2527 2274 2590 dilectus,
2324 2528 2379 2581 in
2408 2544 2509 2593 quo
2536 2528 2665 2581 mihi
2699 2528 3044 2596 complacuit,
3084 2530 3138 2583 in
3173 2529 3505 2600 baptismate

237 2619 591 2689 adoptionem
630 2622 967 2677 demonstrat
998 2624 1300 2678 secundum
1333 2624 1800 2694 comparationem
1835 2621 2079 2676 Judaicaa
2106 2620 2443 2691 adoptionis,
2474 2622 2603 2690 quia
2632 2628 2685 2675 et
2718 2620 2782 2673 ad
2815 2620 2939 2675 illos
2969 2620 3175 2675 dictum
3208 2628 3326 2676 erat
3351 2640 3363 2675 :
3392 2620 3501 2689 Ego

239 2710 398 2781 dixi:
432 2709 524 2763 Dii
569 2712 717 2774 estis,
758 2720 807 2765 et
868 2712 972 2780 filii
1013 2712 1226 2766 Επειδί
1267 2729 1443 2766 omnes
1489 2712 1674 2782 (Psal.
1719 2726 1930 2774 Lxxxu,
1974 2710 2078 2779 6);
2116 2718 2203 2765 et:
2251 2707 2423 2763 Filios
2456 2711 2612 2776 genui
2653 2719 2702 2763 et
2730 2710 2962 2764 exaltavi
2993 2709 3141 2779 (13a.
3174 2728 3211 2776 ι,
3245 2712 3347 2783 2);
3382 2714 3503 2782 ejus

233 2806 551 2877 adoptionis
593 2806 954 2876 praecipuum,
989 2823 1056 2863 eo
1085 2809 1232 2878 quod
1268 2808 1424 2869 dixit,
1462 2808 1703 2871 dilectus,
1736 2806 1868 2861 etin
1896 2822 1997 2875 quo
2025 2805 2156 2859 mihi
2185 2805 2523 2874 complacuit,
2554 2804 2871 2859 ostendens.
2907 2802 3137 2874 Propter
3176 2805 3279 2860 hoc
3309 2815 3366 2861 et
3399 2822 3504 2860 vox

231 2902 418 2957 Patris
450 2880 611 2956 ﬁebat
656 2902 1007 2971 adoptionem
1054 2904 1411 2964 conﬁrmans,
1446 2912 1500 2957 et
1541 2902 1663 2956 Filii
1704 2902 2082 2955 nominatione
2130 2914 2230 2969 per
2262 2898 2613 2967 adoptionem
2650 2898 2954 2953 secundum
2980 2900 3209 2967 gratiam
3243 2914 3366 2953 eum
3409 2902 3503 2970 qui

229 3006 364 3044 vere
399 2990 575 3045 Filius
605 3000 710 3055 est,
741 2991 1161 3047 demonstrabat
1189 3012 1202 3047 :
1234 2993 1397 3062 cujus
1424 2993 1741 3062 conjunctio
1767 2992 1832 3044 ad
1861 3006 2045 3044 veram
2076 3000 2129 3045 et
2173 2991 2383 3043 ﬁrmam
2426 2987 2772 3058 adoptionem
2814 2989 2979 3043 istum
3010 2990 3417 3044 constituebat:
3450 3001 3504 3045 et

232 3081 475 3151 Spiritus
499 3093 725 3139 sanctus
760 3084 817 3138 in
856 3084 1038 3154 Specie
1070 3086 1341 3139 columba:
1371 3084 1738 3147 descendens,
1773 3083 2077 3152 permansit
2104 3097 2268 3152 super
2291 3096 2440 3141 eum,
2472 3087 2749 3149 quatenus
2782 3080 2835 3133 in
2859 3080 3251 3149 conjunctione
3274 3081 3343 3136 ad
3376 3096 3501 3136 eum

230 3173 331 3243 qui
360 3187 488 3227 vere
518 3173 693 3229 Filius
726 3181 833 3238 est,
866 3174 987 3243 ejus
1020 3175 1398 3245 cooperationi
1435 3176 1680 3230 intentus
1709 3182 1948 3239 maneat,
1986 3173 2198 3227 ﬁrmam
2228 3171 2543 3239 adoptionis
2576 3171 2781 3226 habens
2809 3172 3171 3241 dignitatem:
3203 3189 3299 3242 per
3319 3174 3501 3229 omnia

230 3277 415 3321 autem
449 3267 502 3320 in
537 3282 648 3337 quo
675 3268 855 3337 primo
885 3269 1193 3338 adoptionis
1220 3270 1677 3341 prmformahatur
1712 3270 2003 3339 baptisma,
2038 3268 2161 3321 dico
2186 3276 2367 3320 autem
2408 3266 2619 3320 Domini
2653 3266 2880 3330 Christi,
2907 3282 2971 3321 ex
3006 3268 3166 3322 Patre
3199 3276 3253 3323 et
3284 3268 3423 3323 Filio
3446 3280 3503 3325 et

231 3363 444 3433 Spiritu
481 3374 672 3419 sancto
705 3364 809 3417 hoc
836 3365 982 3433 quod
1018 3365 1199 3432 ﬁebat,
1237 3366 1631 3435 complebatur.

843 3480 1095 3533 ΚΕΦΑΛ.
1141 3479 1215 3531 Δλ’.

304 3586 452 3657 Στὶχ.
478 3593 545 3639 α’.
571 3616 641 3626 --
662 3588 827 3641 Οὐδὲν
851 3587 925 3657 (9)
956 3589 1160 3647 καινὸν,
1183 3588 1507 3641 ἀσεϐέστατε
1536 3587 1811 3652 Ἰουλιανὲ,

230 3681 283 3730 εἱ
323 3679 415 3730 καὶ
436 3676 762 3744 γινώσκεται
787 3680 891 3731 ὑπὸ
912 3679 1020 3732 τῶν
1047 3680 1319 3750 δαιμόνων
1349 3680 1442 3733 καὶ
1467 3680 1812 3749 ὁμολογεῖται

230 3768 366 3829 Θεὸς
393 3768 486 3819 καὶ
521 3766 839 3837 πειράζεται
864 3769 969 3821 ὑπὸ
993 3769 1085 3821 τοῦ
1116 3769 1377 3839 ἄρχοντος
1408 3768 1515 3820 τῶν
1540 3768 1811 3837 δαιμόνων

234 3857 313 3929 μὴ
340 3857 729 3926 ὁμολογοῦντος
764 3860 863 3927 τὴν
894 3858 1061 3911 αὐτοῦ
1090 3858 1385 3927 βασιλείαν.
1417 3860 1492 3911 Οὐ
1529 3860 1637 3930 γὰρ
1673 3859 1814 3912 κατά

230 3950 325 4002 τὸν
368 3950 530 4002 αὑτὸν
577 3950 789 4020 χρόνον,
837 3950 974 4003 ἀλλά
1029 3953 1292 4022 πρότερον
1345 3952 1442 4021 μὲν
1489 3949 1815 4017 ἀγωνίζεται

306 4123 387 4191 (l)
421 4123 729 4189 Augustum
760 4122 872 4175 dici
906 4130 1055 4177 recte
1085 4123 1399 4175 observavit
1432 4121 1635 4178 Muent.

310 4192 386 4257 (Ξ)
420 4193 525 4263 Ἔν
562 4193 812 4257 τούτοις.
850 4194 1092 4247 Μιιειιι.;
1126 4208 1216 4260 per
1246 4193 1299 4244 id
1327 4203 1561 4263 tempus.
1609 4192 1813 4257 Malim,

238 4267 378 4317 inter
410 4262 550 4313 hos.’

309 4334 385 4401 (5)
429 4330 565 4401 Male
596 4332 811 4385 scribas
844 4361 915 4370 —
940 4332 1139 4401 ἄνδρας
1162 4332 1557 4401 ἐκλεγομένους
1578 4364 1647 4372 -
1676 4332 1815 4401 (ῡό-

234 4401 468 4457 derlein.
508 4400 751 4471 Tlteolog.
809 4400 1058 4455 Biblioth.
1110 4403 1259 4471 Lips.
1314 4400 1473 4466 i788,
1523 4420 1595 4468 tv,
1653 4400 1705 4463 7,
1761 4420 1812 4470 p.

236 4472 397 4539 492).
432 4470 652 4542 Censori
684 4470 813 4524 libri
859 4471 1128 4527 Muenter.
1180 4470 1483 4541 (Gottittger
1525 4475 1627 4542 gel.
1677 4478 1814 4525 Anz.

240 4542 401 4603 1788,
435 4556 490 4612 p.
526 4541 877 4612 {246)7recte
911 4546 1142 4604 monuit,
1177 4559 1228 4593 v.
1257 4542 1401 4596 κατὰ
1427 4541 1552 4612 ἔθνη
1594 4552 1647 4597 et
1678 4544 1818 4596 κατά

236 4612 409 4678 ἄνδρα
441 4611 795 4680 distributin
820 4613 1085 4665 sumenda
1117 4628 1239 4667 esse
1280 4612 1387 4680 (cf.
1418 4611 1585 4668 Cord.
1620 4624 1726 4666 cat.
1760 4613 1815 4665 in

236 4682 378 4752 nsal.
417 4695 475 4743 It,
510 4696 563 4752 p.
597 4680 720 4733 641.
758 4679 965 4752 ΤΙιεριΙ.
992 4684 1052 4735 οὐ
1086 4682 1207 4735 καθ’
1232 4683 1328 4734 ἕνα
1362 4684 1455 4735 καὶ
1478 4684 1619 4737 κατὰ
1652 4682 1818 4752 μέρος

235 4750 688 4819 ἀποθνησκόντων
709 4750 832 4819 -).
864 4749 1070 4805 Enarra
1100 4771 1111 4806 :
1138 4752 1398 4821 principio
1421 4761 1633 4821 (rerum
1656 4749 1820 4806 Chri-

241 4821 584 4883 stianarum)
620 4837 722 4872 non
774 4821 1009 4890 singulos
1043 4823 1285 4890 populos,
1337 4822 1427 4874 sed

237 4890 572 4961 obsequentes
613 4889 922 4952 reperiebat,
965 4891 1028 4944 de
1064 4889 1270 4961 populis
1297 4892 1471 4961 elegit,
1514 4911 1652 4947 nunc
1693 4889 1811 4945 uero

237 4959 340 5027 (de
387 4974 495 5034 suo
528 4968 794 5034 _tetupore
836 4959 1094 5034 loquitur
1151 4959 1511 5031 Theodorus)
1570 4965 1809 5034 singulos

236 5026 479 5103 populos.
521 5026 640 5103 Jam
666 5026 849 5094 'quzeri
893 5026 1123 5103 putcrt'at‘,
1155 5046 1254 5103 cur
1302 5047 1409 5084 non
1468 5026 1813 5103 statim'post

235 5097 442 5152 Christi
500 5098 791 5167 adventum
844 5101 1027 5167 populi
1086 5100 1214 5154 facti
1264 5110 1449 5155 essent
1488 5097 1807 5161 Christi-ani.

238 5167 417 5235 Hujus
450 5167 528 5220 rei
556 5168 696 5220 hanc
726 5166 1048 5224 Theudm‘us
1080 5170 1318 5224 reddidit
1346 5174 1636 5235 rationem,
1665 5176 1810 5235 quod

236 5235 521 5309 religionis
584 5237 909 5292 Christianae
973 5239 1265 5309 professio.
1319 5242 1423 5294 nisi
1475 5242 1613 5297 forte
1670 5235 1811 5300 Deus

238 5306 536 5383 humanam
578 5316 837 5383 _naturam
893 5306 1309 5373 commutasset,
1353 5310 1423 5365 ab
1460 5313 1597 5383 ipsis
1636 5314 1813 5370 homi-

238 5376 401 5429 nibus
452 5374 729 5441 penderet.

311 5445 387 5511 (λ)
418 5443 529 5522 lloe
550 5445 926 5522 fragmentum
953 5464 1076 5522 cum
1110 5449 1441 5522 prazcedenti
1471 5455 1665 5522 paucis
1700 5454 1814 5512 lor-

236 5521 384 5567 tasse
415 5514 593 5566 verbis
634 5515 940 5583 interjectis
973 5514 1219 5575 cohaesit.

306 5584 385 5651 (5)
424 5583 627 5637 Mueut.
666 5588 779 5648 τοῖς
807 5585 918 5639 τόν.

1478 4825 1638 4887 viros,
1688 4839 1817 4891 quos
1852 4846 1895 4900 ι)

2557 3472 2712 3527 CAP.
2766 3472 2859 3530 IV.

1994 3583 2161 3639 Vens.
2188 3585 2211 3637 1
2244 3598 2366 3653 sqq.
2389 3613 2460 3623 —
2484 3581 2604 3636 Non
2636 3590 2721 3638 est
2765 3598 2963 3637 novum
2997 3584 3152 3652 quid,
3193 3584 3361 3653 impie
3404 3584 3501 3639 Ju-

1921 3673 2086 3739 liane,
2136 3671 2347 3736 Jesum,
2395 3672 2523 3726 licet
2598 3672 2874 3727 daemones
2936 3688 3061 3726 eum
3134 3685 3496 3744 cognoscant,

1920 3762 2208 3832 Deumque
2245 3778 2369 3817 esse
2401 3763 2791 3828 conﬁteantur,
2821 3762 2995 3816 nihilo
3035 3771 3219 3819 tamen
3251 3766 3434 3821 secius
3465 3783 3500 3822 α

1922 3856 2170 3925 principe
2205 3854 2538 3921 daemonum,
2571 3870 2801 3924 regnum
2863 3854 2988 3923 ejus
3025 3855 3175 3910 haud
3220 3857 3498 3927 professo.

1924 3947 2124 4000 tentari
2144 3944 2303 4011 (Luc.
2331 3961 2407 4011 tv,
2426 3945 2517 4010 54,
2541 3946 2632 4011 41,
2656 3946 2763 4017 al.)
2789 3961 2935 4000 :non
2963 3947 3113 4000 enim
3143 3947 3335 4004 eodem
3367 3961 3499 4006 tem-

2000 4122 2074 4184 l6)
2105 4121 2310 4196 Mttent.
2344 4124 2553 4188 πάντας
2604 4126 2929 4196 κεχρῆσθαι,
2966 4129 3024 4182 h.
3055 4145 3105 4184 e.
3136 4160 3206 4170 —
3236 4133 3313 4185 ita
3342 4145 3397 4186 ut
3426 4137 3500 4190 le-

1924 4192 2096 4276 gibus.
2136 4194 2333 4273 quibus
2394 4205 2505 4247 tum
2541 4197 2614 4249 vis
2665 4192 2991 4276 eratketiam
3024 4216 3116 4253 nos
3147 4217 3344 4266 omnes,
3408 4210 3499 4276 qui

1925 4263 2147 4343 subjecti
2193 4280 2395 4343 su‘mua,
2449 4266 2895 4343 uterentur.
2922 4279 3300 4343 praeterquam
3332 4263 3500 4343 'qu'od

1926 4331 2170 4403 perfecto
2198 4332 2515 4399 otfendaris,
2544 4337 2708 4389 verba
2731 4337 2821 4389 illa
2846 4331 3098 4391 videntur
3125 4331 3325 4396 J'uliani
3348 4331 3496 4403 esse.

1996 4401 2073 4471 (7)
2127 4401 2330 4476 Muent.
2367 4433 2439 4442 —
2466 4405 2561 4476 καὶ
2607 4405 2933 4475 διαχρῆσθαι
2968 4407 3084 4476 Θεῷ
3119 4409 3345 4463 ἔλθωσιν
3382 4445 3445 4457 -υ

1928 4468 2183 4524 Fortasse
2213 4472 2369 4526 locus
2397 4473 2551 4527 valde
2582 4468 2866 4529 mutilatus
2896 4485 2999 4530 est.
3041 4468 3147 4532 Sed
3178 4468 3497 4540 Theodoreti

1925 4556 2057 4611 sane
2104 4542 2373 4595 sententia
2424 4557 2545 4596 mea
2583 4544 2899 4611 conjectura
2944 4546 3213 4602 edicitur:
3244 4580 3315 4590 —-
3350 4562 3405 4607 et
3436 4565 3497 4609 ιιι

1926 4608 2033 4691 Dea
2061 4611 2470 4691 uterenturlut
2493 4612 2605 4691 dei,
2634 4608 2797 4681 quem
2826 4615 3062 4691 quisque
3091 4619 3314 4684 coleret,
3342 4608 3497 4677 δυσί-ὲ

1925 4687 2166 4752 mitatem
2197 4687 2611 4749 experirentur)
2653 4698 2762 4752 quo
2800 4687 3125 4741 necessitate
3147 4693 3324 4743 coacti
3352 4698 3496 4748 veni-

1926 4759 2047 4831 rent
2075 4748 2143 4831 ad
2166 4748 2519 4831 quaerendum
2558 4748 2735 4831 verum
2768 4753 3279 4831 Deum._'l‘hcodori
3304 4760 3499 4831 dispu—

1926 4818 2060 4902 tatio
2102 4819 2214 4873 hare
2237 4827 2375 4902 _est:
2424 4820 2563 4875 Deus
2586 4823 2751 4902 modo
2781 4824 2924 4902 apud
2958 4825 3124 4902 hunc,
3152 4827 3320 4902 modo
3349 4818 3494 4902 apud

1919 4886 2071 4960 illum
2090 4889 2348 4957 populum
2367 4905 2642 4945 summum
2667 4886 2953 4959 imperium
2976 4910 3099 4951 esse
3112 4886 3238 4951 ideo
3259 4886 3495 4960 maxime

1919 4957 2111 5021 voluit,
2140 4966 2201 5036 ut
2218 4960 2647 5036 gentespublica
2672 4957 2981 5018 calamitate
3003 4980 3205 5034 pressae
3226 4968 3293 5023 ad
3310 4957 3492 5036 suum,

1920 5041 2082 5108 quem
2113 5035 2367 5096 putarent
2396 5029 2643 5108 de_um_se
2671 5029 3076 5108 converterent,
3124 5051 3262 5108 quo_
3264 5040 3384 5108 ejus
3410 5029 3494 5096 in;

1922 5096 2232 5169 ﬁrmitatem
2265 5100 2474 5169 experti
2511 5099 2579 5153 ad
2626 5118 2801 5154 verum
2830 5096 3182 5162 ducerentur.
3216 5096 3335 5165 Hoc
3361 5128 3496 5168 vero

1921 5175 2037 5245 tum
2064 5164 2283 5220 demum
2322 5164 2469 5245 recte
2502 5169 2617 5223 ﬁeri
2649 5179 2882 5245 poterat,
2912 5188 3036 5227 cum
3072 5164 3348 5235 summurn
3374 5164 3492 5235 im;

1920 5239 2128 5317 perium
2148 5252 2271 5317 _uon
2292 5239 2433 5317 apud
2466 5255 2633 5292 uuttm
2652 5239 3024 5317 ‘ettrndemque
3048 5247 3305 5317 p0pulum
3324 5263 3491 5315 esset,

1921 5310 2015 5365 sed
2048 5305 2115 5357 ab
2148 5306 2249 5359 hoc
2277 5305 2344 5362 ad
2380 5309 2531 5362 illum
2569 5305 2983 5370 transferretur.

1993 5374 2417 5457 (8)m.l'\et;'C..C.
2451 5394 2511 5440 tt,
2556 5395 2629 5439 tv.
2669 5381 2753 5443 l8,
2806 5381 2962 5457 Vigil.
2998 5396 3173 5457 const.
3210 5388 3296 5449 19,
3334 5388 3495 5457 Ejus-

1920 5444 2160 5524 ᾱριῃῃηι.
2181 5444 2279 5524 _M.
2308 5445 2375 5524 tle
2404 5459 2693 5524 commento
2723 5468 2826 5505 sec.
2856 5451 3057 5507 Lucam
3092 5444 3380 5524 Evangelii:

1962 5513 2069 5593 ,(9)
2098 5514 2154 5593 lu
2181 5515 2284 5569 hoc
2305 5516 2606 5587 fragmento
2630 5522 2786 5641 plura
2814 5524 3138 5583 refelluntur
3154 5513 3273 5595 quae
3297 5538 3490 5588 contra

1962 5594 2205 5638 istortam
2238 5588 2558 5641 teutationis
2586 5587 2626 5641 C
2651 5590 2789 5641 tristi
2820 5590 3071 5641 Julianus
3100 5600 3339 5641 nrnlnliL

1918 5582 2205 5638 historiam
2238 5582 2558 5642 teutaiionis
2586 5582 2789 5644 Christi
2820 5582 3071 5650 lulianus
3100 5582 3343 5661 protulit.
