3834 6224
338 180 440 237 719

1536 161 1577 213 Τ
1586 158 1888 213 HEUDORI
1928 154 2414 213 MOPSUESTENI

3483 151 3611 207 7110

338 304 488 362 pore,
514 282 611 343 sed
637 287 886 355 prius,et
907 278 1123 335 inscius
1155 272 1380 344 quidem
1412 287 1536 327 eum
1560 287 1625 325 co
1655 270 1910 335 dimicat;

2057 268 2249 337 γνοῶν,
2283 265 2535 339 ἡττηθεὶς
2576 267 2632 320 δὲ
2664 266 2887 336 ὕστερον
2916 264 3173 335 γνωρίζει
3218 262 3315 317 καὶ
3349 263 3617 334 ὁμολογεῖ

337 360 536 433 deinde
572 388 703 428 vero
747 371 950 433 victus,
989 365 1283 436 imperium
1318 362 1440 432 ejus
1475 360 1726 431 agnoscit
1755 366 1921 426 atque

342 465 632 521 confitetur
672 462 825 517 hisce
859 459 1041 514 verbis
1069 455 1398 511 :Noscimus
1440 464 1515 517 te.
1556 453 1680 523 quis
1722 452 1828 517 sis;
1860 460 1919 505 tu

340 571 401 613 es
430 554 664 610 Sanctus
696 551 909 607 lsraelis
930 547 1091 622 (Luc.
1123 564 1196 612 iv,
1219 546 1308 611 34;
1343 544 1515 599 Mare.
1552 561 1591 610 I,
1613 543 1735 613 54).
1764 542 1917 596 Haud

340 648 487 702 enim
533 652 658 698 ante
694 641 970 710 baptisma
1007 641 1120 694 haec
1152 638 1466 708 profitetur,
1500 636 1595 692 sed
1630 643 1918 704 postquam

341 746 394 791 et
454 734 763 804 baptizatus
828 739 883 786 et
939 736 1184 786 tentatus
1216 735 1363 783 esset
1425 726 1627 790 Iesus,
1669 726 1921 780 redierit-

341 841 445 896 que
491 840 555 879 ex
599 823 837 885 deserto,
867 822 1048 875 victor
1081 819 1285 874 diaboli
1327 817 1631 873 secnudum
1672 829 1915 877 carnem,

342 915 642 971 secundum
680 927 842 983 quam
874 919 928 969 et
958 917 1262 967 tentaverat
1297 924 1441 965 eum.
1470 908 1519 963 ls
1552 909 1696 963 enim
1750 905 1917 958 Deum

344 1006 610 1070 Verbum,
640 1005 882 1061 essentia
910 1018 1009 1059 sua
1038 1003 1291 1058 omnibus
1335 1002 1605 1071 ignotum,
1646 998 1791 1053 haud
1836 1014 1920 1053 ro-

344 1112 633 1170 gnoscens,
672 1111 796 1151 eum
847 1094 1006 1150 modo
1038 1095 1265 1149 tentavit
1310 1093 1609 1147 seetu‘idum
1664 1106 1914 1152 carnem,

342 1207 463 1261 qute
499 1198 553 1245 et
612 1203 803 1244 revera
854 1187 1048 1241 famem
1091 1186 1557 1252 tentatiouemque
1598 1196 1760 1252 passa
1812 1189 1914 1235 est.

346 1281 453 1337 Sed
503 1279 702 1340 Moses,
729 1279 924 1348 inquit,
952 1284 1244 1347 postquam
1278 1276 1643 1346 quadraginta
1685 1273 1808 1328 dies
1833 1272 1917 1339 je-

339 1379 650 1445 junaverat.
700 1374 869 1443 legem
929 1372 1174 1440 accepit;
1226 1369 1357 1423 Elia:
1404 1383 1554 1431 vero,
1593 1370 1717 1437 post
1773 1365 1916 1419 idem

344 1477 557 1535 tempus
589 1462 802 1531 jejunio
835 1468 1141 1529 peractum,
1165 1459 1366 1513 divinae
1395 1457 1741 1526 contigerunt
1767 1467 1919 1506 reve-

343 1556 622 1610 lationes:
664 1552 824 1607 Jesus
864 1561 1071 1615 autem,
1105 1551 1237 1621 quid
1289 1556 1409 1619 post
1462 1548 1603 1603 idem
1641 1545 1914 1615 jejunium

345 1645 600 1716 accepit?
641 1643 800 1697 ilaud
832 1643 1061 1712 aequalis
1086 1642 1300 1695 obtinet
1344 1640 1485 1694 ratio
1518 1639 1662 1691 inter
1701 1644 1917 1690 utrum-

346 1753 476 1807 que,
510 1737 682 1807 legcm
733 1736 1006 1805 accipere,
1042 1735 1462 1801 divinarumque
1515 1729 1741 1800 dignum
1791 1742 1919 1782 cen-

2021 360 2117 431 τὴν
2153 358 2428 428 βασιλείαν
2451 356 2616 411 αὐτοῦ
2654 357 2845 425 λέγων.
2873 356 3108 427 Οἴδαμέν
3137 370 3197 408 σε
3219 356 3303 417 τίς
3336 353 3403 409 εἴ·
3448 359 3517 410 σὺ
3562 352 3617 410 εἷ

2019 450 2048 502 6
2080 448 2268 516 ’Ἄγιος
2301 446 2395 501 τοῦ
2437 446 2671 519 Ἰσραήλ.
2706 447 2780 500 Οὐ
2807 446 2915 514 γὰρ
2952 446 3058 517 πρὸ
3095 445 3190 500 τοῦ
3229 447 3620 516 βαπτίσματος

2019 539 2192 593 ταῦτα
2221 539 2495 609 ὁμολογεῖ,
2528 537 2662 593 ἀλλά
2695 538 2833 608 μετά
2863 538 2925 590 τὸ
2965 537 3247 608 βάπτισμα
3272 539 3367 592 καὶ
3391 538 3451 591 τὸ
3477 556 3618 590 πει-

2022 631 2285 703 ρασθῆναι
2328 631 2421 684 καὶ
2458 629 2738 682 κατελθεῖν
2778 632 2841 683 ὲκ
2896 632 2996 700 τῆς
3047 631 3255 702 ἐρήμου
3301 632 3621 700 νικήσαντα

2018 721 2109 773 τὸν
2132 719 2377 773 διάϐολον
2406 718 2548 771 κατά
2574 717 2673 786 τὴν
2701 717 2880 788 σάρκα
2904 759 2918 784 ,
2948 717 3070 771 καθ’
3099 718 3167 788 ῆν
3196 721 3291 772 καὶ
3313 718 3622 789 ἐπείραζεν

2019 811 2201 863 αὐτόν.
2232 810 2307 863 Οὐ
2349 809 2457 880 γὰρ
2485 807 2638 871 εἰδὼς
2673 810 2765 862 τὸν
2801 808 2932 861 Θεὸν
2973 807 3146 877 Λόγον
3183 810 3469 881 ἐπείρασεν
3517 809 3615 863 ἄν·

2021 904 2185 955 πᾶσιν
2216 900 2323 971 γὰρ
2361 899 2480 953 κατ’
2506 900 2694 952 οὐσίαν
2730 901 2758 952 6
2791 900 2922 962 Θεός
2960 901 3107 953 ἐστιν
3127 900 3429 968 ἄγνωστος,
3459 899 3616 953 ἀλλὰ

2021 994 2163 1048 κατὰ
2207 994 2305 1063 τὴν
2340 994 2536 1063 σάρκα,
2567 990 2689 1044 καθ’
2728 992 2794 1061 ἢν
2824 990 3037 1061 ἀληθῶς
3074 992 3169 1045 καὶ
3210 991 3461 1044 ὲπείνασε
3510 993 3621 1044 καὶ

2020 1084 2341 1154 ἐπειράσθη.
2385 1081 2547 1134 Ἀλλά
2585 1083 2818 1151 Μωσῆς,
2852 1083 3038 1151 φησὶν,
3081 1083 3293 1152 ἡμέρας
3331 1083 3623 1152 τεσσαρά-

2022 1191 2185 1227 κοντα
2219 1172 2541 1241 νηστεύσας,
2576 1172 2731 1223 ἔλαϐε
2762 1172 2853 1224 τὸν
2888 1172 3075 1241 νόμον·
3121 1171 3304 1233 Ἠλίας
3329 1171 3385 1224 δὲ
3412 1173 3618 1224 τοσαύ-

2018 1284 2116 1331 τας
2141 1263 2467 1335 νηστεύσας,
2498 1264 2658 1315 θείων
2685 1262 2955 1332 αύτοψιῶν
2985 1262 3193 1331 ἔτυχενο
3242 1261 3445 1331 Ἰησοῦς
3469 1262 3533 1315 δὲ
3566 1263 3618 1314 τί

2023 1357 2160 1428 μετά
2182 1356 2452 1424 τοσαύτην
2478 1354 2552 1426 (l)
2588 1352 2839 1425 νηστείαν
2862 1352 3051 1405 ἔλαϐεν
3078 1352 3152 1423 (2)
3178 1368 3191 1417 ;
3237 1353 3354 1406 Οὐκ
3379 1348 3502 1405 ἴσον
3534 1351 3622 1420 τῷ

2018 1448 2204 1502 λαϐεῖν
2237 1447 2401 1517 νόμον
2424 1446 2518 1498 καὶ
2538 1445 2792 1508 θεοπτίας
2814 1444 3107 1515 ἀξιωθῆναι
3138 1445 3197 1497 t6
3212 1444 3394 1498 λαϐεῖν
3420 1445 3583 1511 Εὐαγ
3602 1473 3621 1480 -

2022 1540 2199 1606 γέλιον
2222 1537 2313 1590 καὶ
2342 1534 2579 1607 κηρύξαι
2607 1535 2706 1606 τὴν
2736 1534 2845 1589 τῶν
2877 1535 3119 1606 οὐρανῶν
3151 1533 3447 1604 βασιλείαν·
3475 1550 3620 1586 τοσ-

1949 1608 1992 1667 Β
2018 1630 2173 1684 οῦτον
2205 1627 2262 1681 δὲ
2303 1625 2576 1699 διάφορον,
2605 1627 2728 1680 ὅσον
2765 1624 2994 1696 οὐρανὸς
3035 1624 3280 1694 διαφέρει
3321 1624 3421 1695 τῆς
3466 1625 3614 1693 γῆς.

2020 1721 2190 1777 καὶτὸ
2214 1719 2480 1774 ἀθάνατον
2500 1718 2593 1772 τοῦ
2612 1717 2830 1788 θνητοῦ,
2853 1718 2948 1771 καὶ
2970 1717 3030 1769 τὸ
3049 1717 3214 1770 αἲδιον
3235 1716 3329 1769 τοῦ
3352 1717 3623 1786 προσκαί-

347 1824 458 1878 seri
513 1824 935 1889 revelationum,
971 1830 1134 1891 atque
1189 1820 1539 1890 Evangelium
1580 1819 1829 1887 accipere
1867 1826 1921 1872 et

2057 1833 2136 1868 ου.
2154 1815 2227 1868 Τὸ
2239 1815 2317 1881 δὲ,
2354 1814 2484 1869 Ἐπὶ
2500 1813 2679 1867 παντὶ
2694 1813 2914 1882 ῥήματι
2931 1813 3098 1875 Θεοῦ,
3114 1813 3175 1866 οὐ
3205 1811 3333 1881 περὶ
3359 1810 3624 1865 διδασκα-

344 1928 575 1982 regnum
633 1914 898 1967 ccelorum
957 1913 1279 1983 praedicare.
1325 1911 1499 1964 Tanta
1564 1911 1710 1964 enim
1778 1909 1922 1963 inter

2059 1906 2142 1970 ίας
2181 1906 2360 1975 λέγει,
2412 1905 2546 1960 ἀλλά
2595 1905 2732 1976 πρὸς
2776 1903 2868 1958 τὸν
2920 1902 3186 1976 πορισμὸν
3223 1903 3323 1973 τῆς
3378 1902 3616 1971 τροφῆς,

345 2012 640 2071 utrumque
684 2002 1018 2068 differentia,
1045 2010 1248 2071 quanta
1294 2001 1493 2057 caelum
1546 2001 1691 2053 inter
1736 2006 1820 2053 est
1859 2012 1925 2052 ac

2057 1998 2165 2069 Ιρὸς
2195 1997 2302 2068 γάρ
2334 1997 2431 2068 τὴν
2461 1996 2668 2050 ἐκείνου
2711 1995 3010 2066 πρόκλησιν
3044 1993 3244 2048 ἄτοπον
3283 1990 3469 2057 οὖσαν,
3525 1992 3615 2056 τὸ,

347 2105 572 2159 terram,
606 2095 913 2148 iunnortale
932 2102 986 2146 et
1011 2094 1263 2154 mortale.
1287 2101 1554 2146 teternum
1584 2097 1926 2159 ettempora-

2057 2091 2176 2145 una
2190 2091 2291 2144 ἵνα
2315 2094 2368 2144 οἱ
2388 2089 2543 2144 ,λίθοι
2571 2089 2736 2157 ἄρτοι
2766 2089 3042 2159 γίνωνται
3060 2089 3254 2158 (5),ὠς
3277 2088 3439 2142 παντὶ
3459 2085 3617 2155 τόπῳ

350 2184 516 2237 rium.
548 2182 681 2235 Illud
732 2198 881 2246 vero,
908 2184 1048 2235 omni
1091 2185 1241 2234 verba
1290 2180 1385 2233 Dei
1409 2179 1570 2251 (Luc.
1596 2195 1671 2243 IV,
1706 2177 1793 2248 4),
1816 2192 1923 2230 non

2062 2183 2131 2235 πὸ
2158 2182 2320 2255 ἀρτου
2355 2182 2720 2253 διατραφῆναι
2749 2180 3055 2248 ὀφείλοντος
3075 2223 3089 2246 ,
3125 2181 3196 2234 τά
3225 2183 3282 2234 ἐν
3313 2181 3378 2251 τῇ
3415 2182 3516 2252 Apf,
3528 2197 3617 2249 μῳ

350 2271 611 2325 doctrina:
645 2285 808 2324 causa
838 2269 993 2332 dicit,
1038 2271 1133 2324 sed
1187 2277 1410 2339 propter
1461 2269 1926 2336 comparationem

2057 2272 2291 2342 ἐνόμενα
2307 2272 2735 2342 ὑπομιμνήσκων
2752 2269 2912 2323 αὑτὸν
2930 2270 3137 2339 ἔλεγεν,
3154 2271 3229 2333 ὡς
3239 2273 3321 2324 Οὐ
3337 2270 3513 2339 χρεία
3531 2271 3613 2339 (ί)

349 2361 585 2415 cibi.Ad
632 2361 869 2430 ineptam
905 2361 1050 2414 enim
1094 2360 1242 2413 illius
1288 2360 1754 2429 provocationem,
1792 2356 1930 2410 Jube

2057 2363 2221 2431 iptwr
2251 2361 2332 2428 τῷ
2367 2362 2507 2427 Θεῷ.
2543 2362 2654 2414 Καὶ
2682 2363 2811 2416 ἄνευ
2834 2364 2944 2434 γὰρ
2971 2362 3150 2433 ἀρτων
3177 2360 3306 2423 Θεὸς
3331 2364 3389 2414 ἐν
3420 2361 3622 2430 ἐρήμῳ

353 2461 411 2504 ut
463 2450 663 2521 lapides
718 2450 810 2502 isti
865 2466 1026 2518 panes
1078 2451 1211 2517 ﬁant
1245 2447 1478 2518 (Matth.
1535 2465 1606 2512 tv,
1643 2447 1737 2517 ὅ),
1768 2445 1928 2516 quasi

2057 2452 2285 2524 ῐιέθρεψε
2318 2452 2408 2506 τὸν
2451 2451 2685 2523 Ἰσραὴλ,
2714 2455 2807 2506 κα)⁵
2841 2453 3004 2505 αὐτὸν
3042 2450 3329 2523 διαθρέψαι
3360 2452 3621 2516 δύναται,

357 2539 542 2597 Jesuin
582 2538 787 2610 itbique
825 2557 963 2610 pane
996 2540 1196 2594 nutriri
1246 2547 1543 2609 oporteret,
1575 2553 1763 2592 eorum
1813 2553 1930 2591 me-

2057 2544 2208 2607 ιαθὼς
2238 2543 2303 2596 ἂν
2339 2542 2616 2614 βούληται,
2650 2544 2802 2616 ῥῆμα
2833 2545 3007 2612 λέγων
3036 2545 3134 2613 τὴν
3167 2543 3455 2616 ποιητικὴν
3487 2541 3619 2613 βού-

354 2647 473 2685 iuor
528 2647 649 2697 quae
706 2633 760 2684 in
836 2631 1058 2686 deserto
1124 2630 1269 2683 facta
1327 2638 1535 2693 essent,
1592 2628 1932 2682 commonuit

2057 2651 2186 2705 ,ησιν
2223 2633 2316 2686 τοῦ
2352 2632 2508 2687 Θεοῦ.
2551 2633 2627 2705 (5)
2660 2634 2864 2705 Μωσῆς
2910 2633 2966 2687 δὲ
3011 2636 3105 2688 καὶ
3159 2634 3345 2698 Ἠλίας
3384 2634 3620 2705 νηστεύ-

354 2738 501 2789 ευιιι,
545 2722 773 2778 dicens:
808 2720 933 2776 Non
984 2739 1111 2790 opus
1163 2722 1315 2776 habet
1354 2720 1498 2776 Deus
1548 2720 1790 2789 panibus.
1832 2719 1931 2772 Et-

357 2814 502 2868 enim
536 2812 679 2867 Deus
711 2815 919 2883 alisque
981 2829 1121 2883 pane
1175 2811 1433 2866 lsraelem
1468 2810 1698 2863 nutrivit
1753 2809 1807 2861 in
1839 2809 1935 2863 de-

361 2912 531 2965 serto,
564 2911 618 2958 et
669 2907 881 2958 nutrire
927 2921 1048 2958 cum
1088 2912 1266 2973 potest
1300 2910 1462 2973 prout
1509 2902 1623 2956 vult
1675 2898 1932 2967 Verbum,

363 2997 602 3051 divinam
634 2998 848 3069 (verba)
889 2997 1139 3051 indicans
1186 2994 1508 3049 creatrieem
1562 2993 1924 3046 voluntatem.

362 3087 501 3144 Mosi
546 3088 764 3157 quidem
816 3097 871 3142 et
902 3086 1050 3151 Elite,
1093 3085 1158 3140 ad
1199 3085 1411 3139 minora
1450 3083 1557 3136 alia
1599 3083 1937 3153 properanti-

363 3178 489 3244 bus,
526 3178 674 3232 haud
722 3180 1054 3248 permissum
1117 3185 1200 3231 est
1243 3175 1443 3230 tentari
1478 3190 1507 3227 a
1538 3174 1757 3229 diabolo
1792 3173 1936 3228 :lle-

363 3269 631 3338 demptori
692 3284 845 3331 vero,
890 3268 979 3321 cui
1029 3266 1323 3321 dissolutio
1371 3262 1567 3318 mortis
1617 3264 1937 3333 priorisque

365 3362 650 3415 sententia:
701 3374 846 3413 cura;
900 3367 1050 3420 erat.
1086 3356 1401 3412 necessario
1449 3354 1502 3408 id
1547 3354 1794 3425 permitti
1841 3356 1940 3410 de-

367 3452 509 3507 buit.
542 3450 712 3505 Valde
740 3452 889 3506 enim
928 3449 1181 3503 diabolus
1212 3448 1465 3502 homines
1500 3454 1695 3500 contra
1713 3446 1940 3501 divinas

370 3543 742 3613 legislatioues
770 3542 824 3594 in
868 3540 959 3603 iis,
987 3555 1106 3609 qua:
1136 3540 1190 3592 in
1231 3546 1500 3608 potestate
1532 3545 1720 3591 nostra
1760 3536 1940 3606 posita

370 3642 523 3698 sunt,
552 3633 839 3688 deflectere
892 3643 1054 3701 atque
1086 3630 1343 3698 decipere
1391 3627 1563 3698 cupit.
1594 3627 1731 3680 Illud
1788 3642 1939 3689 vero,

371 3732 429 3777 ut
463 3723 547 3777 lex
577 3724 854 3782 ederetur,
876 3722 1361 3789 suscipereturque
1387 3733 1512 3771 eum
1547 3732 1655 3771 non
1686 3718 1739 3770 in
1774 3716 1942 3771 Hosis

372 3816 467 3870 sed
501 3815 555 3867 in
592 3811 682 3867 Dei
714 3819 860 3867 esset
892 3819 1182 3880 potestate,
1212 3809 1468 3864 diabolus
1506 3809 1768 3878 impedire
1797 3808 1941 3863 haud

370 3903 571 3973 potuit.
600 3901 942 3957 Concessum
977 3910 1163 3956 tamen
1196 3902 1271 3954 illi
1307 3908 1411 3962 est,
1438 3901 1495 3954 in
1529 3901 1640 3955 illis
1671 3912 1774 3958 nos
1795 3899 1945 3955 deci-

372 4008 522 4063 pere,
555 4007 675 4062 qute
726 3991 909 4046 facere
939 4000 1103 4060 atque
1145 3991 1400 4044 omittere
1434 3990 1489 4043 in
1538 4001 1732 4044 nostro
1768 3992 1945 4060 posita

376 4092 505 4139 sunt
562 4084 809 4138 arbitrio.
841 4081 915 4136 lta
952 4096 1171 4152 quoque
1211 4081 1477 4134 Adamum
1526 4082 1739 4150 decepit
1779 4096 1792 4132 :
1841 4097 1942 4152 gu-

376 4174 537 4229 statio
591 4173 736 4227 enim
794 4172 1029 4236 arboris,
1077 4172 1203 4225 licet
1252 4187 1359 4224 non
1411 4171 1464 4224 in
1525 4178 1796 4240 potestate
1847 4187 1947 4227 no-

2036 2743 2225 2789 σαντες
2262 2727 2321 2778 οὐ
2358 2726 2809 2798 συνεχωρήθησαν
2842 2726 3202 2799 πειρασθῆναι
3232 2726 3336 2779 ὑπὸ
3365 2725 3465 2778 τοῦ
3500 2726 3618 2779 δια-

2035 2816 2192 2869 ϐόλου
2232 2815 2368 2887 πρὸς
2393 2815 2556 2888 ἕτερα
2587 2817 2909 2880 σπεύδοντες
2941 2819 3259 2889 μικρότερα*
3290 2819 3318 2870 6
3342 2818 3400 2870 δὲ
3426 2818 3623 2889 Σωτὴρ

2040 2907 2354 2975 ἀναγκαίως
2395 2908 2767 2979 συνεχωρήθη,
2827 2909 2965 2980 πρὸς
3021 2909 3118 2979 τὴν
3179 2910 3474 2962 κατάλυσιν
3526 2906 3621 2963 τοῦ

2039 2998 2269 3053 θανάτου
2298 2997 2714 3069 πολιτευόμενος
2736 3001 2829 3053 καὶ
2859 3000 3013 3053 λύσιν
3043 3001 3144 3070 τῆς
3179 3002 3452 3073 προτέρας
3485 3006 3621 3057 ἀπο·

2040 3089 2280 3158 φάσεως.
2317 3087 2461 3160 Πρὸς
2486 3088 2595 3160 γὰρ
2617 3089 2715 3153 τὰς
2745 3090 3066 3161 νομοθεσίας
3102 3091 3195 3145 τοῦ
3225 3091 3360 3146 Θεοῦ
3403 3093 3623 3147 σπεύδει

2038 3180 2131 3231 καὶ
2156 3181 2183 3231 6
2202 3176 2444 3242 διάϐολος
2465 3179 2752 3249 ἐκτρέπειν
2775 3179 2867 3232 καὶ
2890 3181 3106 3251 ἀπατᾷν
3145 3183 3271 3244 τοὺς
3300 3181 3621 3253 ἀνθρώπους

2041 3272 2097 3323 ἐν
2126 3264 2207 3333 οἷς
2238 3269 2304 3323 ἂν
2339 3268 2513 3321 ἔνεστι
2538 3269 2598 3322 τὸ
2623 3270 2706 3339 ἐφ’
2732 3270 2884 3339 ἡμῖν,
2919 3269 2978 3323 τὸ
3000 3270 3058 3323 δὲ
3089 3271 3385 3341 ἀναχθῆναι
3417 3272 3501 3343 (θ)
3533 3273 3623 3325 καὶ

2039 3359 2224 3414 λαϐεῖν
2262 3360 2353 3414 τὸν
2392 3359 2554 3431 νόμον
2594 3362 2623 3413 6
2666 3360 2910 3424 διάϐολος
2962 3362 3173 3415 ἀνελεῖν
3225 3363 3326 3416 οὐκ
3364 3364 3618 3433 ἠδύνατο.

2041 3452 2210 3505 Τοῦτο
2240 3451 2347 3522 γὰρ
2391 3447 2458 3522 ἦν
2492 3452 2585 3503 ἐπὶ
2615 3450 2695 3520 τῷ
2731 3451 2851 3520 Θεῷ
2881 3452 2975 3504 καὶ
3021 3451 3121 3505 οὐκ
3152 3453 3245 3505 ἐπὶ
3277 3452 3353 3523 τῷ
3411 3455 3618 3508 Μωσεί.

2048 3543 2117 3595 Ἀ
2149 3542 2205 3596 δέ
2241 3545 2389 3595 ἐστιν
2414 3521 2498 3612 ἐφ’
2521 3544 2652 3613 ἡμῖν
2673 3543 2896 3612 ποιῆσαι
2924 3543 3018 3595 καὶ
3046 3541 3121 3613 μὴ
3151 3521 3394 3614 ποιῆσαι,
3423 3546 3482 3600 ὲν
3505 3545 3624 3598 τού·
3686 3521 3700 3533 ’

2042 3651 2155 3697 τοις
2202 3636 2297 3688 κα)⁵
2348 3636 2562 3704 ἀπατᾷν
2619 3637 2980 3705 συγχωρεϊται
3003 3674 3018 3698 ,
3058 3635 3194 3707 ὅπερ
3246 3638 3339 3690 καὶ
3387 3638 3481 3690 ἐπὶ
3530 3635 3619 3689 τοῦ

2058 3721 2229 3793 ’Λδάμ
2260 3723 2509 3792 ἐποίησε.
2546 3722 2618 3774 Τὸ
2655 3721 2763 3793 γὰρ
2798 3722 3036 3790 ἅψασθαι
3076 3725 3152 3794 (7)
3194 3724 3288 3777 τοῦ
3337 3722 3493 3789 ξύλου
3529 3725 3618 3779 καὶ

2049 3807 2161 3878 μὴ,
2202 3807 2297 3861 τοῦ
2346 3808 2432 3878 ἐφ’
2486 3810 2618 3879 ἡμῖν
2664 3810 2760 3863 καὶ
2807 3810 3151 3882 αὐθαίρετον.
3211 3814 3361 3868 Ἐπεὶ
3395 3811 3488 3869 οὖν
3536 3816 3620 3868 διά

2048 3899 2323 3963 πολιτείας
2359 3899 2453 3953 καὶ
2496 3900 2589 3952 τοῦ
2627 3901 3014 3971 ἀναμαρτήτου
3054 3903 3162 3957 ἔδει
3194 3906 3498 3960 καταλῦσαι
3528 3906 3620 3975 τὴν

2046 3991 2141 4043 τοῦ
2190 3990 2419 4043 θανάτου
2468 3990 2741 4058 ἀπόφασιν
2776 3991 3052 4060 πάσχοντα
3097 3992 3238 4066 ὑπὲρ
3282 3997 3617 4067 ἁμαρτωλῶν

2049 4081 2207 4134 αὑτὸν
2240 4081 2622 4153 ἀναμάρτητον
2650 4082 2779 4135 ὄντα
2802 4121 2817 4145 ,
2851 4082 2951 4135 οὐκ
2981 4082 3252 4139 ἐδείκνυτο
3282 4086 3339 4140 δὲ
3367 4088 3616 4157 ἀναμάρ·

2049 4189 2211 4241 τητος
2255 4173 2284 4225 6
2337 4176 2501 4244 μήπω
2542 4171 2683 4227 κατά
2727 4173 2904 4225 πάντα
2944 4173 3396 4246 πολιτευσάμενος
3444 4177 3531 4230 κα²1
3566 4178 3617 4227 ἐν

376 4274 491 4318 stra
533 4262 707 4333 posita
737 4262 827 4327 sit,
870 4269 1168 4329 spontauea
1216 4268 1395 4313 tamen
1440 4269 1544 4315 est.
1583 4260 1723 4315 Cum
1781 4261 1935 4331 igitur

2057 4265 2221 4317 πᾶσιν
2252 4265 2661 4334 ἀγωνισάμενος
2695 4264 2830 4335 πρὸς
2860 4264 2960 4335 τὴν
3000 4267 3297 4338 ἁμαρτίαν,
3339 4267 3426 4321 διὰ
3468 4267 3623 4321 τοῦτο

377 4356 553 4423 ipsum
591 4351 810 4413 Jesum,
836 4350 929 4420 qui
980 4352 1191 4419 absque
1236 4357 1461 4419 peccato
1495 4361 1665 4414 esset,
1693 4360 1951 4420 peccato-

379 4464 501 4501 rum
537 4461 705 4500 causa
733 4445 887 4499 curis
940 4451 1109 4513 atque
1159 4444 1473 4498 innocentia
1513 4457 1613 4498 sua
1666 4445 1800 4512 pati,
1828 4460 1952 4499 seno

379 4537 716 4606 tentiamque
770 4532 963 4589 mortis
1033 4534 1251 4588 auferre
1287 4519 1587 4600 oporteret,
1618 4548 1731 4588 non-
1768 4544 1947 4588 tamen

450 4736 525 4802 (l)
556 4733 626 4786 ν.
657 4733 866 4788 Theod.
902 4733 968 4787 ad
1002 4731 1190 4787 Matth.
1221 4747 1296 4795 Iv,
1323 4732 1378 4788 ‘2.

449 4801 525 4869 (2)
559 4802 624 4858 V.
687 4804 843 4857 Ἀλλά
886 4805 1043 4857 Μωσ.
1092 4832 1162 4844 -—
1186 4833 1257 4842 —
1286 4801 1475 4855 ἐλαϐεν
1501 4843 1516 4866 ,
1546 4801 1749 4856 Juliani
1780 4810 1945 4869 sunt,

380 4872 701 4944 nonetiam,
740 4882 799 4926 ut
838 4876 985 4944 male
1015 4872 1241 4944 Muent.,
1272 4873 1556 4944 sequentia
1587 4900 1658 4912 -
1688 4874 1949 4944 προσκαί-

384 4963 503 5017 pou.
531 4944 605 4997 T6
626 4943 805 5017 δὲηέ
836 4942 1005 5017 λέγει.
1041 4942 1164 5017 Ηῳε
1189 4951 1418 5017 propter
1451 4941 1642 5017 falsam
1680 4983 1694 5007 ,
1732 4941 1950 5017 'Jnliaui

382 5011 566 5077 credo,
604 5028 646 5083 Av
692 5014 804 5065 ἐπὶ
837 5030 911 5083 π,
943 5015 993 5083 ρ.
1018 5029 1066 5065 t.
1096 5013 1146 5064 0.
1189 5011 1691 5083 interpretationem
1721 5014 1947 5068 addidit.

383 5081 658 5151 Πορισμὸν
681 5098 729 5134 τ.
762 5096 848 5151 τρ.
883 5081 951 5135 de
979 5081 1386 5150 comparatione
1413 5081 1539 5136 cibi.

453 5104 462 5135 ι
501 5100 658 5151 ισμον
681 5100 729 5134 τ.
762 5100 848 5151 τρ.
883 5100 950 5135 ae
979 5100 1341 5150 comparauon

479 5154 533 5220 5)
573 5150 863 5203 Γένωνται.
1319 5151 1341 5162 ⁸

453 5100 531 5290 {6)
566 5219 766 5290 Muent.
824 5220 937 5289 Προ
984 5235 1092 5290 γαρ
1146 5235 1245 5288 την
1301 5250 1341 5260 -

478 5222 531 5292 4)
566 5219 766 5292 Muent.
824 5220 937 5289 Προ
984 5235 1092 5292 γαρ
1146 5235 1245 5288 την
1301 5249 1372 5260 -
1413 5251 1501 5274 -,
1548 5237 1714 5292 αρτου
1768 5221 1956 5276 διατα..

384 5288 549 5362 φηναι
613 5288 912 5357 οφειλοντες
974 5304 1044 5341 τα
1064 5288 1143 5329 ⁷-
1180 5305 1477 5359 γενομενα,
1536 5288 1962 5362 υπομιμνησκων

387 5378 595 5415 αυτου..
626 5387 698 5398 -—
727 5388 797 5398 —
827 5374 1013 5429 χρειαν
1048 5388 1116 5397 --
1143 5390 1213 5398 ——
1243 5370 1363 5412 ante
1420 5362 1862 5427 provocationem
1892 5391 1963 5402 ——

386 5431 540 5497 quasi
578 5444 776 5482 necesse
805 5429 1017 5482 omnino
1042 5438 1205 5490 esset,
1244 5440 1296 5481 ut
1324 5431 1501 5482 omnia
1531 5447 1645 5498 qua:
1669 5432 1722 5483 in
1754 5431 1958 5485 deserto

388 5500 533 5569 facta
561 5509 768 5563 essent,
820 5515 853 5551 a
883 5514 1015 5567 pane
1059 5499 1274 5552 dissolvi
1304 5499 1577 5563 deberent,
1636 5503 1960 5554 commonuit

384 5568 505 5623 eum
537 5572 723 5625 dicens
752 5598 819 5610 -—
845 5570 913 5623 ,ι
969 5568 1305 5639 Ὀφείλοντος
1362 5577 1510 5623 recte
1564 5569 1675 5639 jam
1736 5572 1960 5640 scripsit

2050 4354 2109 4419 ὲξ
2137 4355 2382 4425 ἀνάγκης
2408 4356 2771 4425 συγχωρεῖται
2803 4355 3165 4427 πειρασθῆναι
3194 4359 3297 4412 ὑπὸ
3319 4360 3414 4413 τοῦ
3442 4359 3615 4413 διαϐό-

2048 4440 2159 4508 λου,
2190 4444 2266 4508 ὡς
2290 4444 2535 4514 βούλεται
2568 4443 2731 4507 αὐτὸς
2756 4444 2784 4496 6
2812 4443 3075 4511 διάϐολος,
3102 4448 3188 4501 ἵνα
3215 4449 3470 4519 καθαρῶς
3498 4453 3619 4503 ἀναο

2056 4536 2329 4608 μάρτητος
2345 4536 2505 4608 ὀφθῇ,
2539 4537 2598 4589 οὐ
2624 4532 2704 4605 τῷ
2732 4533 2807 4605 μὴ
2836 4539 3223 4610 πειρασθῆναι,
3254 4542 3389 4595 ἀλλὰ
3414 4542 3490 4613 τῷ
3523 4558 3616 4611 φυ-

2053 4752 2108 4811 ν..
2141 4736 2197 4790 d.
2261 4737 2676 4811 in_l_)6derlein.
2727 4742 2908 4797 Theol.
2956 4742 3097 4797 Bibl.
3155 4743 3193 4799 Ι.
3243 4744 3294 4808 l,
3345 4757 3460 4811 pag.
3500 4740 3615 4794 495.

2059 4803 2220 4878 Verte
2260 4823 2274 4878 ς
2311 4808 2396 4860 Ad
2454 4810 2681 4877 ineptam
2734 4814 2874 4864 enim
2915 4811 3062 4865 illius
3115 4803 3616 4878 provoeaiioiient—

2057 4877 2213 4948 quasi
2242 4875 2427 4948 {esum
2448 4875 2650 4948 rubique
2678 4895 2814 4946 pane
2841 4884 3037 4935 nutriri
3064 4875 3345 4948 oporteret.

2132 4946 2207 5015 (5)
2243 4945 2362 4999 Jam
2395 4947 2461 5001 ad
2493 4945 2654 5003 aliam
2680 4945 2799 5002 rem
2833 4952 3032 5006 transit
3058 4945 3120 5003 ac
3152 4951 3312 5005 docet
3335 4990 3349 5013 ,
3376 4965 3476 5003 cur
3505 4952 3619 5003 Ser-

2058 5018 2536 5088 vator‘teutaudus
2571 5020 2785 5082 fuisset,
2816 5036 2993 5088 neque
3019 5035 3148 5074 vero
3180 5020 3357 5076 Moses
3379 5019 3613 5073 ctlElias.

2067 5083 2417 5207 (Dilaniffstum
2449 5095 2531 5142 est
2552 5127 2565 5151 ,
2598 5105 2722 5142 eum
2756 5089 2843 5142 hic
2877 5083 3094 5160 quoque
3127 5099 3321 5144 contra
3350 5089 3613 5144 lulianum

2108 5169 2227 5207 ISDII
2259 5171 2374 5207 are.

2108 5166 2374 5221 ISputarc.

2135 5226 2210 5294 (6)
2265 5223 2494 5299 Mu_e_nt.,
2548 5226 2793 5298 ανεχθειν
2820 5229 2880 5283 ?l
2931 5228 3268 5299 ἀναχθῆναι,
3299 5228 3424 5282 duci
3457 5244 3531 5283 se.
3569 5225 3615 5279 in

2067 5305 2293 5347 montem
2329 5293 2500 5351 Sinai.

2139 5365 2216 5438 (7)
2254 5363 2459 5419 Muent.
2490 5367 2695 5438 Toyap
2751 5367 2981 5438 οψασθαι
3008 5399 3075 5408 ——
3104 5375 3268 5438 atquc
3323 5367 3387 5438 in
3415 5365 3613 5438 hisne-

2068 5434 2184 5513 scjo
2229 5449 2392 5513 quam
2441 5434 2699 5513 subtilem
2743 5434 3621 5513 distinctionem'deprehendisse

2068 5452 2184 5486 SCIO
2229 5452 2392 5502 quam
2441 5452 2699 5490 suntuem
2743 5452 3158 5494 uisuncuonem
3206 5452 3272 5492 ae
3318 5452 3616 5491 renenaisse

2067 5503 2170 5581 sibi
2208 5505 2360 5558 visus
2395 5514 2498 5581 est.
2545 5504 2715 5581 Paulo
2745 5517 2869 5575 post
2895 5508 2987 5562 τοῦ
3015 5507 3098 5577 ἐφ’
3123 5510 3254 5579 ἡμῖν
3279 5452 3425 5562 fretae
3449 5505 3616 5560 habet.

2067 5572 2172 5624 Τοῦ
2203 5581 2285 5627 est
2319 5574 2488 5643 genit.
2517 5572 2834 5644 partitivus.
