3834 6224
91 324 190 377 ’ἷΞΙ

1299 327 1364 380 ΙΝ
1417 327 1867 384 EVANGELIUM
1928 328 2156 387 LUC/ﬁ.

3252 335 3360 393 722

94 440 356 505 2.515325%:
402 439 738 510 πειρασθείς.
786 440 851 492 Τί
897 440 952 493 δὲ
1001 441 1344 511 θαυμάζεις,
1376 445 1453 515 (1)
1487 448 1570 500 ὅτι
1605 446 1678 516 μὴ

1818 463 1980 515 xpers
2009 445 2226 515 peccati
2277 447 2718 512 monstrabatur,
2746 445 2840 517 qui
2881 447 3124 502 nondum
3163 447 3368 515 ubique

94 536 243 593 timo;
273 530 432 600 ὄρους
463 528 666 599 ὑψηὶοῦ
701 529 758 580 ἐν
805 533 870 600 τῇ
903 533 1093 602 ἐρήμῳ
1125 533 1342 601 λέγεται
1373 537 1401 588 ὁ
1434 536 1680 600 διὰὒολος

95 627 390 691 αναγαγεῖν
421 623 581 676 αὑτὸν
626 625 705 687 εἰς
737 624 861 696 ὄρος
890 624 1094 695 ὑψηλὸν
1131 625 1284 692 λίαν;
1333 628 1428 680 Ἐν
1459 627 1683 697 στιγμῇ

98 717 204 783 γὰρ
229 719 452 786 χρόνου
473 715 620 784 λέγει
647 719 743 783 (2),
771 717 957 786 σαφῶς
975 719 1189 781 δεικνὺς
1206 721 1504 787 φαντασίαν
1523 720 1683 791 ὅρους

99 811 186 858 τῦν
218 807 460 860 διάϐολον
509 807 866 877 πεποιηκέναι
917 808 1010 860 καὶ
1043 810 1366 881 οἰκουμένην
1403 810 1684 880 βασιλευο-

98 900 266 969 μένην
308 899 444 970 πρὸς
474 897 760 968 ἄνϐρωπον
794 899 926 969 ὁρᾷν
958 899 1100 952 οὕτω
1133 901 1430 971 δυνάμενον
1457 905 1558 971 (5).
1607 903 1681 955 Οὐ

98 990 205 1060 γὰρ
231 990 364 1042 καθὸ
397 989 528 1052 Θεὸς
562 985 628 1058 ἦν
659 990 690 1059 ἦ
722 991 1010 1060 ἐπείραζεν
1055 993 1083 1043 ὁ
1116 991 1358 1056 δῐάϐολος
1388 994 1419 1064 ἢ
1458 994 1683 1064 ἐπειρά-

99 1083 241 1146 ζετο·
284 1080 442 1134 τοῦτο
479 1082 586 1152 γὰρ
627 1084 725 1134 οὐκ
759 1078 826 1153 ἦν
859 1084 1258 1152 πειρασθῆναι,
1289 1085 1426 1139 ἀλλὰ
1463 1087 1682 1157 ἀπατῆ-

101 1192 192 1227 an
221 1175 296 1244 (4)
322 1174 547 1244 μᾶλλον,
593 1175 748 1226 Ἀλλὰ
797 1174 942 1236 πῶς,
974 1177 1158 1244 φησὶν,
1193 1178 1272 1239 είς
1302 1177 1363 1230 τὸ
1393 1177 1684 1248 πτερύγιον

97 1267 193 1318 τοῦ
231 1265 376 1335 ἱεροῦ
407 1266 497 1318 τὸν
543 1265 744 1336 Κύριον
783 1266 1057 1335 ἀνήγαγεν
1099 1269 1126 1319 ὁ
1163 1267 1410 1332 διάϐολος
1455 1269 1586 1323 ὂντα
1628 1272 1684 1323 ἐν

98 1359 165 1425 τῇ
216 1356 442 1426 ὲρήμῳ;
483 1355 627 1407 Διότι
657 1357 756 1407 οὐκ
804 1354 890 1406 ἐπ’
917 1355 1202 1424 ἀπολείψει
1232 1359 1328 1427 τῆς
1356 1359 1564 1428 ἐρήμου
1607 1361 1687 1422 εἰς

97 1450 161 1500 τὸ
190 1448 486 1520 πτερύγιον
519 1449 770 1516 ἀνήγετο,
803 1448 926 1500 ὅθεν
951 1448 1030 1516 τῷ
1060 1449 1118 1500 ἐν
1147 1449 1312 1519 ὀλίγῳ
1347 1450 1686 1520 ἁπολειφΘῆο

97 1559 208 1606 ναι,
240 1543 334 1595 καὶ
357 1542 458 1594 οὐκ
481 1543 536 1593 ἐν
565 1540 765 1610 πολλῷ,
795 1541 889 1592 καὶ
913 1540 988 1603 ὡς
1009 1541 1188 1592 ἐκεῖσε
1212 1542 1371 1594 πάλιν
1399 1544 1688 1596 ἐπανελευ-

100 1635 346 1703 σόμενος.
385 1633 460 1685 Οὐ
496 1632 716 1699 λέγεται
764 1631 870 1701 γὰρ
903 1631 1280 1700 ἐξεληλυθέναι
1327 1637 1392 1686 ἐκ
1432 1636 1528 1704 τῆς
1562 1637 1687 1707 ἐρή-

101 1743 204 1794 μου
237 1726 333 1793 (5).
364 1725 577 1796 Ὠσπερ
606 1726 714 1794 γάρ
744 1743 827 1789 τις
861 1727 918 1777 ἐν
947 1725 1099 1778 πόλει
1129 1727 1162 1794 ἢ
1193 1727 1339 1797 οἰκία
1368 1729 1684 1796 γενόμενος,

1788 549 2041 592 versatus
2070 547 2218 592 esset
2249 547 2304 590 et
2336 539 2390 592 in
2433 539 2694 593 omnibus
2723 553 2847 592 cum
2877 548 3106 607 peccato
3139 537 3366 592 dimica-

1785 631 1925 684 verit
1957 647 1970 682 :
2010 638 2298 699 propterea
2331 631 2820 700 necessariojopus
2858 636 2997 693 erat,
3029 645 3154 684 eum
3189 643 3221 682 a
3251 628 3372 682 dia-

1792 721 1918 775 bolo
1950 721 2015 774 ad
2049 721 2338 774 arbitrium
2369 722 2550 790 ipsius
2574 721 2798 783 tentari,
2829 729 2887 776 ut
2916 717 3206 774 manifeste
3234 732 3368 788 pec-

1786 815 1892 868 cati
1945 829 2144 882 expers
2177 829 2299 867 esse
2334 814 2639 878 videretur;
2669 828 2776 866 non
2820 812 3040 883 quidem
3081 810 3225 881 quod
3257 823 3370 863 non

1785 913 2028 958 tentatus
2067 915 2234 966 esset,
2271 907 2364 960 sed
2398 906 2544 974 quod
2587 906 2641 958 in
2691 903 2996 959 tentatione
3027 918 3149 958 sese
3171 901 3364 972 proba-

1785 997 1944 1050 verit.
1977 996 2118 1061 Quid
2157 1013 2281 1050 vero
2324 997 2544 1050 miraris
2597 995 2706 1050 dici
2752 1010 2876 1049 eum
2928 1011 2957 1048 a
2983 994 3202 1048 diabolo
3231 992 3370 1048 duc-

1786 1093 1900 1139 tum
1945 1086 2114 1139 fuisse
2145 1086 2197 1140 iu
2243 1092 2482 1139 montem
2525 1084 2807 1138 excelsum
2843 1082 2992 1151 (Luc.
3016 1098 3090 1148 IV,
3121 1082 3198 1149 5),
3243 1095 3368 1134 cum

1785 1176 1840 1230 in
1872 1175 2092 1229 deserto
2139 1190 2296 1231 mons
2343 1174 2484 1228 haud
2542 1175 2614 1229 sit
2658 1174 2943 1228 excelsus?
2981 1175 3042 1226 In
3087 1178 3368 1226 momento

1787 1268 1934 1321 enim
1971 1268 2235 1337 temporis
2266 1267 2468 1322 factum
2515 1268 2566 1321 id
2598 1281 2722 1322 esse
2751 1264 3070 1326 dicit.bene
3093 1263 3365 1325 indicans,

1785 1361 2056 1414 visionem
2091 1360 2293 1414 montis
2316 1378 2344 1412 a
2377 1360 2602 1412 diabolo
2629 1364 2976 1428 procreatam
3002 1355 3196 1419 fuisse,
3223 1369 3372 1409 eum-

1789 1467 1894 1522 que
1947 1453 2001 1504 in
2052 1450 2276 1504 modum
2326 1451 2515 1504 orbem
2549 1459 2842 1510 terrarum,
2871 1447 2958 1501 cui
2993 1447 3368 1516 imperaturus

1788 1551 1956 1608 esset,
1988 1542 2289 1598 secundum
2326 1543 2621 1597 humanam
2667 1549 2984 1594 naturam'a
3029 1537 3161 1593 Jesu
3197 1537 3377 1593 videri

1786 1636 2051 1706 potuisse.
2084 1634 2398 1689 Secundum
2429 1636 2670 1689 divinam
2703 1633 2850 1687 enim
2893 1639 3148 1686 naturam
3197 1643 3377 1699 neque

1791 1736 2032 1782 tentatus
2082 1736 2196 1790 est,
2255 1741 2433 1796 neque
2485 1741 2608 1779 eum
2665 1723 2896 1779 tentavit
2940 1722 3198 1777 diabolus
3230 1737 3244 1773 :
3275 1721 3378 1774 hoc

95 1820 231 1880 ὅσας
259 1819 329 1872 ἂν
352 1816 562 1887 ἡμέρας
586 1817 618 1885 ἢ
653 1817 827 1886 μῆνας
854 1816 886 1887 ἢ
915 1817 1194 1880 ἐνιαυτοὺς
1215 1818 1273 1870 ἐν
1297 1821 1358 1887 τῇ
1383 1819 1528 1890 οἰκίᾳ
1557 1820 1588 1888 ἢ
1620 1823 1684 1889 τῇ

1813 1819 1934 1872 enim
1973 1819 2158 1889 potius
2186 1827 2304 1873 erat
2331 1818 2603 1885 deceptio.
2632 1831 2796 1886 quam
2826 1815 3080 1868 tentatio.
3105 1811 3211 1867 Sed
3238 1825 3378 1882 quo-

97 1909 258 1960 πόλει
357 1907 453 1977 (6),
487 1908 668 1959 ἐκεῖσε
717 1907 938 1974 λέγεται
983 1908 1244 1976 ποιῆσαι,
1282 1909 1386 1961 κᾶν
1415 1909 1520 1974 ἔξω
1560 1910 1687 1962 ποτὲ

98 2000 332 2069 γένηται
374 1999 475 2051 οὐκ
500 1999 586 2050 ἐπ’
622 1999 904 2066 ἀπολείψει
949 2000 1129 2070 τελείᾳ
1157 2001 1254 2071 τῆς
1283 2001 1490 2064 πόλεως
1529 2001 1561 2068 ἢ
1591 2002 1690 2072 τῆς

99 2090 299 2152 οἰκίας·
337 2088 477 2142 οὓτω
505 2089 598 2142 καὶ
626 2090 655 2141 ὁ
682 2089 916 2159 Χριστὸς
943 2089 1197 2159 ἀναχθεὶς
1227 2093 1306 2154 εἰς
1337 2092 1436 2158 τὴν
1483 2092 1690 2161 ἔρημον

102 2181 488 2252 πειρασθῆναι,
515 2181 616 2234 κᾶν
647 2181 750 2246 ἔξω
785 2182 886 2251 τῆς
914 2183 1123 2253 ἐρήμου
1155 2183 1548 2254 πειραζόμενος
1577 2185 1692 2251 ἐγέο

102 2291 226 2325 νετο
268 2273 368 2325 οὐκ
419 2274 508 2324 ἐπ’
543 2272 825 2341 ἀπολείψει
863 2273 962 2342 τῆς
1005 2274 1248 2343 ἐρήμου,
1279 2273 1504 2336 εἰκότως
1536 2276 1593 2324 ἐν
1625 2277 1690 2344 τῇ

103 2367 298 2435 ἐρήμῳ
330 2364 544 2432 λέγεται
591 2359 730 2416 εἶναι
753 2403 766 2425 ,
811 2367 905 2417 καὶ
942 2365 1016 2434 (7)
1044 2365 1448 2434 τεσσαράκοντα
1482 2365 1692 2435 ἡμέρας

104 2458 331 2527 ἐποίησε
363 2456 435 2527 μὴ
473 2455 808 2526 ἐξεληλυθὼς
836 2457 934 2526 τῆς
964 2458 1195 2527 ἐρήμου.
1227 2458 1298 2510 Τὸ
1331 2458 1409 2520 δὲ,
1437 2460 1556 2510 Οὐκ
1599 2459 1696 2510 ἐκ·

104 2567 228 2616 περί
247 2549 417 2614 ιὶσεις
444 2550 662 2615 Κύριον
682 2548 787 2600 τὸν
814 2548 963 2601 Θεόν
989 2564 1127 2610 σου,
1157 2549 1218 2600 οὐ
1235 2547 1406 2616 λέγει,
1431 2549 1510 2600 ὄτι
1543 2548 1691 2615 Ἐμὲ,

107 2643 155 2692 εἰ
187 2640 281 2692 καὶ
316 2638 448 2701 Θεὸς
475 2635 562 2709 ἦν’
596 2639 658 2690 οὐ
692 2638 800 2708 γὰρ
831 2639 907 2700 ὡς
937 2638 1066 2691 Θεὸν
1097 2639 1389 2709 ἐπείραζεν
1418 2639 1494 2709 (8)
1527 2641 1555 2692 ὁ
1583 2638 1696 2692 διά-

106 2733 282 2793 ϐολος,
316 2731 434 2784 οὐδὲ
469 2732 541 2794 ὡς
576 2731 708 2794 Θεὸς
742 2732 1137 2801 πειραζόμενος
1176 2734 1544 2803 ἀπεκρίνατοο
1581 2734 1696 2786 ἀλλ’

105 2823 182 2885 ὡς
211 2823 499 2891 ἄνθρωπος
545 2821 764 2892 ἀληθῶς
805 2822 1201 2892 πειραζόμενος
1227 2825 1326 2894 (9),
1362 2824 1430 2878 τὰ
1470 2825 1578 2878 τῶν
1605 2826 1698 2878 ἀν-

110 2913 350 2984 Θρώπων
386 2913 739 2984 ἀπεκρίνατο,
770 2913 831 2966 τὸ
862 2913 936 2984 μὴ
967 2916 1290 2984 ἐκπειρᾶσαι
1319 2915 1412 2968 τὸν
1439 2917 1590 2970 Θεόν.
1642 2918 1699 2970 ’0

108 3005 219 3074 γὰρ
245 3003 587 3072 ἐκπειράζων
608 3003 695 3054 τὸν
711 3002 843 3055 Θεὸν
857 3003 1106 3071 φαίνεται
1132 3005 1205 3076 μὴ
1230 3005 1504 3060 πιστεύειν
1526 3007 1692 3077 αὐτῷ,

110 3093 248 3146 ἀλλὰ
291 3092 454 3162 τυχὸν
500 3091 677 3163 ζητῶν
719 3090 1028 3146 πιστεῦσαι.
1079 3094 1369 3163 Διήλεγξεν
1410 3091 1505 3149 οὖν
1534 3096 1700 3149 αὑτοῦ

1796 1912 1981 1974 modo,
2027 1912 2203 1980 pergit
2242 1908 2520 1972 Julianus,
2560 1908 2872 1969 Dominum,
2904 1921 3029 1960 cum
3073 1906 3126 1957 in
3157 1903 3381 1958 deserto

1796 2013 1961 2064 esset.
1989 2003 2240 2057 diabolus
2269 2002 2429 2055 duxit
2462 2001 2515 2053 in
2550 1999 2902 2069 pinuaculum
2942 1996 3128 2065 templi
3157 1995 3383 2060 ?Quare

1797 2112 1926 2158 non,
1956 2111 2080 2148 cum
2110 2109 2138 2146 a
2167 2094 2406 2156 deserto,
2435 2092 2582 2163 quod
2625 2091 2775 2145 brevi
2815 2097 3077 2160 praeterea
3120 2085 3383 2154 temporis

1799 2188 1979 2256 spatio
2020 2187 2314 2239 relicturus
2354 2195 2492 2248 erat,
2538 2181 2870 2242 discederet,
2903 2180 2955 2231 in
3017 2175 3381 2246 pinnaculum

1798 2279 2124 2340 ducebatur,
2153 2291 2276 2330 cum
2309 2276 2421 2346 jam
2455 2277 2508 2329 in
2553 2274 2686 2328 illud
2739 2273 2936 2326 iterum
2988 2269 3170 2324 redire
3213 2283 3381 2337 opor—

1801 2372 1975 2426 teret?
2011 2371 2080 2423 At
2112 2385 2222 2424 non
2257 2369 2326 2423 de
2357 2367 2486 2422 Jesu
2543 2376 2802 2420 narratur
2852 2377 2978 2417 eum
3033 2359 3265 2414 rediisse
3315 2373 3384 2412 ex

1800 2476 2006 2515 eremo.
2039 2452 2513 2524 Quemadmodum
2549 2455 2694 2509 enim
2724 2454 2790 2508 de
2829 2452 3074 2516 homine,
3105 2451 3198 2520 qui
3239 2448 3380 2512 dies,

1801 2565 2045 2612 menses,
2079 2548 2163 2602 vel
2197 2562 2374 2600 annos
2411 2547 2466 2600 in
2494 2546 2626 2599 urbe
2669 2545 2753 2598 vel
2781 2543 2945 2597 domo
2972 2541 3209 2611 quadam
3236 2555 3387 2596 com-

1803 2651 2054 2697 moratus
2083 2649 2190 2706 est,
2223 2640 2439 2694 etiamsi
2499 2638 2796 2710 aliquando
2837 2635 3181 2693 discesserit.
3209 2641 3386 2687 totum

1804 2743 1987 2788 tamen
2021 2733 2472 2789 commorationis
2507 2740 2726 2802 tempus
2758 2731 2905 2786 haud
2936 2736 3065 2784 ante
3117 2729 3386 2797 integram

1805 2828 1964 2883 urbis
2023 2828 2108 2882 vel
2164 2827 2364 2881 domus
2413 2824 2828 2880 derelictionem
2880 2827 3280 2890 computatur:
3313 2816 3388 2870 ita

1805 2934 2024 2990 quoque
2071 2918 2350 2979 Christus,
2382 2916 2477 2986 qui
2525 2916 2580 2969 iu
2612 2917 2914 2977 desertum,
2950 2921 3010 2968 ut
3046 2912 3120 2966 ibi
3153 2916 3390 2965 tentare-

1808 3019 1918 3076 tur,
1967 3009 2289 3073 subductus,
2340 3009 2466 3062 licet
2516 3018 2672 3062 extra
2733 3006 2809 3068 id,
2843 3020 2952 3058 non
3008 3012 3190 3058 tamen
3238 3005 3391 3069 post-

1808 3117 1972 3171 quam
2007 3116 2072 3153 ex
2103 3115 2168 3154 eo
2192 3113 2452 3169 egressus
2491 3107 2660 3161 esset,
2692 3104 2936 3152 tentatus
2967 3094 3155 3157 fuerit,
3192 3090 3391 3146 merito

109 3188 212 3256 τὴν
250 3187 448 3239 κακίαν
479 3183 664 3254 κύκλῳ
695 3186 786 3237 καὶ
811 3186 876 3238 ἐκ
903 3185 1180 3256 περιόδου,
1205 3189 1284 3250 εἰς
1313 3187 1374 3240 τὸ
1401 3189 1700 3258 ἀπιστῆσαι

1813 3195 1860 3247 in
1896 3193 2112 3247 deserto
2145 3191 2316 3245 fuisse
2346 3190 2556 3244 dicitur
2599 3190 2847 3258 adeoque
2875 3186 3244 3258 quadraginta
3273 3185 3393 3238 dies

111 3279 281 3331 αὐτὸν
310 3276 386 3346 τῷ
413 3276 532 3347 θεῷ
563 3277 932 3347 προσάγοντος
970 3278 1060 3331 διὰ
1090 3278 1182 3332 τοῦ
1220 3279 1396 3332 δοκεῖν
1435 3281 1574 3333 πάνυ
1612 3300 1700 3334 πι-

116 3369 333 3422 στεύειν
373 3368 539 3437 αύτῴ.
579 3370 814 3421 Κάκεῖνο
846 3369 902 3422 δέ
932 3369 1172 3434 λεκτέον,
1199 3372 1279 3423 ὅτι
1319 3371 1428 3424 ἀπὸ
1454 3373 1552 3441 τῆς
1581 3390 1702 3424 πει-

120 3460 428 3531 ραζομένης
453 3459 869 3529 ἁνθρωπότητος
897 3461 1051 3528 ἔλεγε
1076 3461 1158 3526 τὸ,
1187 3463 1408 3530 Κύριον
1430 3463 1536 3515 τὸν
1558 3465 1706 3517 Θεόν

114 3569 240 3608 σου
273 3550 741 3618 προσκυνήσεις,
774 3549 871 3604 καὶ
901 3551 1062 3615 αὐτῷ
1089 3553 1283 3620 μόνον
1313 3553 1423 3619 (10)
1446 3556 1697 3620 λατρεύο

117 3665 273 3712 σεις,
302 3645 401 3698 οὐκ
423 3643 654 3714 ἐξαιρῶν
680 3644 774 3712 τῆς
805 3645 1229 3714 προσκυνήσεως
1258 3645 1352 3699 τοῦ
1378 3647 1588 3716 [ἰατρὸς
1615 3648 1708 3700 τὸν

118 3740 256 3794 Θεὸν
290 3738 459 3806 Λόγον
493 3737 586 3791 καὶ
617 3737 680 3790 τὸ
711 3737 865 3805 ἅγιον
895 3735 1139 3807 Πνεῦμα.

201 3895 279 3964 (l)
321 3892 650 3949 Theodorus
686 3893 759 3947 ita
796 3891 1081 3964 disputat:
1118 3892 1299 3950 Moses
1331 3899 1386 3948 et
1417 3891 1571 3964 Elias
1601 3908 1708 3948 non

131 3963 268 4020 sunt
305 3973 430 4034 post
459 3963 962 4034 jejuninmAtentati
989 4002 1004 4026 ,
1040 3964 1169 4034 quia
1202 3964 1416 4034 minora
1448 3963 1711 4033 perficere

126 4032 674 4095 debebant,COntra
737 4032 1018 4093 Servator,
1067 4033 1155 4086 cui
1203 4035 1353 4101 prior
1385 4032 1476 4086 illa
1514 4036 1711 4087 mortis

132 4107 409 4160 sententia
439 4103 709 4158 abolenda
738 4113 900 4157 esset.
934 4101 1148 4171 Quippe
1186 4104 1239 4155 in
1275 4103 1340 4157 iis
1369 4110 1579 4157 tantum
1614 4103 1713 4156 Sa-

131 4185 300 4228 tanas
333 4175 583 4229 homines
615 4174 682 4227 ad
719 4187 883 4243 prava
918 4173 1382 4243 incitare_potest
1409 4212 1422 4232 .
1484 4189 1604 4242 qua:
1656 4174 1709 4226 in

130 4246 419 4298 hominum
455 4241 731 4312 potestate
756 4242 935 4311 posita
973 4241 1260 4312 sunttSic,
1304 4241 1570 4294 Adamum
1616 4243 1712 4312 de-

131 4316 318 4383 Ccpit,
352 4322 407 4365 at
436 4311 562 4366 cum
592 4313 866 4383 legislatio
897 4326 1004 4364 non
1043 4313 1096 4365 in
1131 4311 1298 4383 Mosis
1321 4353 1334 4372 ,
1387 4312 1482 4365 sed
1523 4313 1577 4366 in
1621 4311 1713 4364 Dei

135 4379 415 4454 potestate
445 4393 628 4447 esset,
651 4379 850 4436 Mosen
882 4397 990 4454 non
1022 4385 1222 4454 potuit.
1255 4379 1373 4434 Jam
1406 4397 1529 4454 cum
1565 4384 1717 4454 prior

131 4446 236 4544 illa
277 4454 468 4544 mortis
500 4446 771 4508 sententia
816 4446 1151 4544 nonnisiab
1184 4446 1701 4544 ἁχαμαρτήτῳξιὲιθ

1826 4446 2040 4544 alienqs
2075 4452 2388 4544 lcrat._ll’ro
2435 4453 2558 4518 Αξγ.
2608 4446 2986 4544 scribendum“
3009 4461 3134 4544 esse
3189 4446 3399 4544 ἐρημου

134 4525 238 4578 leri
275 4535 494 4593 posset,
524 4539 626 4577 nec
652 4537 784 4577 vero
815 4523 906 4575 ille
927 4562 940 4580 ,
972 4523 1064 4590 qui
1091 4520 1334 4593 nondum
1370 4523 1421 4573 in
1458 4520 1720 4575 omnibus

134 4591 335 4663 contra
378 4604 664 4662 peccatum
698 4604 1036 4663 pugnasset,
1069 4591 1472 4663 ﬁvapa'tprq-co;
1507 4593 1721 4646 evasis-

136 4673 259 4729 set,
294 4661 456 4717 Jesus
488 4681 516 4717 a
553 4661 1119 4716 dialtolo‘necessario
1153 4661 1450 4716 lentandus
1485 4672 1635 4724 erat,
1665 4668 1724 4714 ut

136 4751 243 4794 eo,
303 4733 448 4802 quod
503 4733 790 4787 teutationi
829 4747 937 4784 non
985 4731 1406 4796 succubuisset,
1454 4747 1579 4786 vere
1625 4732 1722 4784 ἀν-

137 4805 457 4875 αμάρτητος
491 4805 802 4875 exsisteret.

209 4870 290 4940 (εἴ)
332 4870 556 4940 Muent.,
586 4873 733 4942 λέγει
765 4870 1146 4940 πεποιηκέναι.

213 4938 292 5013 (5)
331 4942 398 4998 H.
433 4959 481 4998 e.
508 4938 578 4982 -ἑ-
605 4938 895 4997 ntanifesto
924 4938 1174 5013 indicans
1194 4981 1207 5001 .
1238 4939 1516 5013 diabolum
1547 4938 1723 5013 visum

139 5009 350 5069 montis
375 5022 431 5067 et
456 5014 641 5068 orbem
672 5021 946 5067 terrarum
979 5011 1184 5080 (visum
1215 5011 1365 5066 orbis
1388 5009 1718 5080 terrarum),

139 5087 234 5152 qui
271 5085 342 5137 ab
369 5099 430 5138 se
457 5082 736 5151 (Satana)
771 5091 1052 5152 regeretur
1083 5083 1098 5145 (
1157 5083 1211 5135 ui
1243 5081 1349 5136 sibi
1384 5088 1623 5150 pareret,
1649 5080 1719 5134 cf.

139 5155 282 5205 Luc.
317 5169 390 5205 tv.
421 5153 488 5205 6t
520 5154 766 5205 effecisse
793 5151 1036 5205 homini.
1069 5099 1255 5205 vigere
1287 5152 1360 5203 ita
1393 5150 1616 5203 valenti.

139 5150 282 5209 LUC.
317 5169 390 5224 tv,
421 5150 488 5224 6')
520 5150 766 5208 eﬂbcisSc
793 5150 999 5204 homini
1022 5191 1036 5214 ,
1069 5150 1255 5224 videre
1287 5152 1360 5203 ita
1383 5150 1616 5224 valenti.

218 5225 295 5290 (ιι)
337 5220 490 5276 Malis
523 5239 623 5292 pro
669 5223 946 5292 ἀπατῆσαι
988 5221 1155 5292 scribi
1189 5220 1632 5292 ἀπατηθῆναιγιι.
1668 5234 1715 5274 s.

148 5297 256 5347 hoc
287 5295 434 5347 enim
465 5289 551 5357 (si
583 5293 837 5347 diabolus
869 5289 997 5345 Jesu
1040 5291 1151 5344 Deo
1185 5293 1362 5346 visum
1396 5291 1599 5342 montis
1630 5305 1723 5342 os~

144 5364 452 5432 tendisset)
509 5379 618 5416 non
675 5363 890 5427 fuisset,
924 5361 1166 5432 (tentari,
1216 5361 1327 5432 imo
1380 5359 1586 5432 decipi.
1615 5357 1722 5432 Sed

147 5427 444 5502 ἀπατῆσαί
480 5433 618 5487 bene
667 5435 852 5495 habet,
890 5430 1032 5502 εῖν.
1065 5430 1236 5502 τοῦτο’
1253 5429 1383 5498 γὰρ,
1405 5445 1469 5502 ικ.
1495 5427 1544 5482 τ.
1573 5427 1623 5480 λ.
1657 5428 1721 5480 ad

147 5498 340 5556 statim
370 5517 671 5572 prmgressa
699 5503 875 5556 refers
897 5523 908 5555 :
927 5500 1179 5572 diabolus
1207 5499 1338 5555 Iesu
1365 5498 1543 5572 visum
1568 5513 1724 5572 mon-

146 5576 221 5627 tis
261 5566 528 5638 ostendit,
568 5573 586 5642 (
600 5573 717 5642 fieri
751 5571 1113 5642 hocpotuit)
1155 5585 1330 5642 neque
1381 5569 1526 5622 enim
1580 5566 1721 5642 Deus

148 5649 398 5696 tentatus
427 5635 530 5696 est.
563 5635 696 5696 Nam
737 5645 832 5696 hoc
861 5635 1059 5709 (Deum
1093 5635 1330 5706 tentari)
1363 5652 1473 5692 non
1519 5635 1722 5691 tentari

150 5713 375 5773 fuisset,
409 5714 504 5782 sed
545 5707 908 5782 deciperci(Si
946 5707 1090 5782 Deus
1135 5717 1376 5782 tentatus
1407 5715 1574 5770 esset,
1612 5721 1720 5782 non

151 5789 406 5840 tentatus
439 5777 778 5851 fuissetfscd
817 5777 932 5851 ipse
966 5780 1324 5852 decepissct).
1355 5777 1544 5850 itaque
1571 5793 1622 5832 γ.
1660 5777 1720 5829 οὐ

1802 3302 1869 3339 ex
1924 3300 1988 3338 eo
2023 3283 2168 3337 haud
2208 3298 2471 3353 egressus
2505 3281 2795 3349 transegit.
2830 3278 3028 3335 Verbis
3059 3293 3189 3331 vero
3220 3294 3233 3328 :
3267 3273 3394 3328 Non

1805 3375 2030 3429 teutabis
2055 3375 2337 3428 Dominum
2359 3373 2522 3427 Deum
2549 3383 2697 3425 tuum
2718 3371 2868 3442 (Luc.
2890 3386 2962 3431 Iv,
2983 3369 3094 3433 12),
3112 3369 3236 3422 licet
3249 3365 3393 3421 Deus

1804 3477 1972 3533 esset,
1994 3468 2137 3522 haud
2167 3468 2262 3529 ait,
2288 3484 2390 3521 non
2414 3467 2644 3519 tentabis
2670 3481 2784 3520 me:
2809 3464 3060 3518 diabolus
3089 3463 3234 3516 enim
3269 3475 3392 3514 eum

1811 3574 1918 3610 non
1972 3557 2116 3612 sicut
2169 3557 2336 3608 Deum
2389 3557 2651 3618 tentavit;
2681 3570 2857 3623 neque
2885 3562 2950 3607 ut
2983 3552 3147 3614 Deus,
3197 3549 3293 3604 sed
3337 3557 3396 3602 ut

1815 3645 2001 3707 homo,
2025 3646 2116 3714 qui
2147 3659 2333 3698 revera
2357 3643 2690 3706 tentabatur,
2712 3643 2876 3696 verba
2899 3641 3135 3694 humana
3171 3655 3397 3708 respon-

1816 3741 1897 3794 dit
1931 3759 1944 3793 :
1977 3740 2098 3794 Non
2135 3741 2359 3794 tentabis
2400 3739 2584 3792 Deum.
2609 3735 2710 3802 Qui
2737 3735 2882 3791 enim
2911 3732 3080 3789 Deum
3123 3741 3319 3794 tentat,
3351 3729 3397 3784 is

1815 3896 1948 3976 γὰρ,
1975 3915 2028 3950 κ.
2062 3913 2128 3976 fc.
2162 3897 2210 3949 ἐ.
2249 3894 2505 3976 muniunt
2539 3904 2861 3976 praegressa,
2909 3896 2964 3944 et
3007 3888 3125 3942 haec
3177 3887 3294 3956 ipsa
3343 3901 3392 3938 v.

1816 3963 1975 4019 τοῦτο
2015 3967 2124 4035 γὰρ
2159 3983 2212 4018 κ.
2246 3983 2295 4017 τ.
2331 3964 2381 4017 λ.
2417 3963 2762 4035 muniuntur.

1890 4036 1964 4105 (5)
1999 4023 2200 4089 tinent.
2241 4037 2304 4086 ἐκ
2348 4035 2446 4102 τῆς
2484 4031 2785 4105 Λῖγύπτου.
2820 4028 2958 4105 (Iunt
3013 4028 3180 4105 muita
3234 4043 3289 4105 νζ
3335 4023 3396 4079 d.

1817 4097 2071 4160 tum'lioc
2104 4105 2368 4170 peccavit,
2396 4097 2541 4169 (mod
2567 4097 2756 4156 etiam
2787 4115 2840 4153 v.
2860 4099 2993 4170 διότι
3013 4127 3082 4136 —
3104 4097 3396 4170 ἐπανελευ-

1821 4177 2048 4245 σόμενος
2080 4166 2300 4228 Iuliano
2330 4166 2548 4245 tribuit,
2583 4169 3067 4240 interrogationem
3107 4169 3174 4220 iis
3220 4166 3397 4220 couti-

1821 4243 1936 4299 neri
1970 4247 2243 4316 opinatus.
2279 4243 2581 4316 ΑἰγύπτουΔ
2615 4255 2806 4316 errore
2853 4249 3040 4316 natum
3095 4254 3217 4316 esse
3254 4252 3394 4316 con-2

1823 4305 2022 4370 textus.
2047 4315 2183 4370 satis
2213 4305 2391 4373 doetst,
2425 4320 2481 4364 ut
2518 4312 2706 4364 sileam
2753 4310 2843 4362 illa
2880 4311 3092 4362 ratione
3129 4305 3396 4358 'lhemlori

1827 4385 2356 4452 argumentationem
2381 4396 2568 4436 errore
2597 4376 3204 4452 tiiti._qtti_haud-ilubie
3238 4375 3308 4452 ab
3332 4391 3397 4428 eo

1823 4525 1934 4592 jam
1981 4523 2187 4578 dudum
2221 4523 2476 4592 viderunt
2516 4514 2782 4592 censores
2830 4514 3400 4592 il|i_Mue_ntcri_,tt.ip.

1825 4584 2026 4649 siensis
2057 4591 2339 4662 (Doederl.
2362 4592 2415 4662 il.
2461 4590 2494 4642 Ι.
2525 4605 2600 4662 p._
2622 4588 2852 4662 {t'_l4_.)et
2891 4584 3167 4656 Goetting.
3207 4584 3400 4651 (Goet-

1827 4665 1956 4732 ting.
1987 4658 2088 4731 get.
2115 4663 2255 4732 _Anz.
2288 4662 2326 4732 Ι.
2361 4661 2420 4720 ι..
2451 4674 2503 4728 p.
2544 4658 2737 4732 1246.)

1897 4728 2075 4799 (σιν.
2111 4728 2142 4804 ᾗ
2175 4731 2492 4804 conjectura
2530 4729 2763 4804 restitui.

1898 4794 1974 4875 (7)
1999 4791 2512 4875 in'apud'htuent.
2554 4796 2728 4852 deest.
2767 4794 3028 4849 Fortasse
3054 4809 3152 4862 pro
3179 4791 3400 4862 ἐποίησε

1825 4871 2175 4930 scribendum
2216 4871 2457 4940 ποιῆσαι.

1899 4945 1976 5012 (8)
2008 4943 2163 4997 Fort.
2198 4936 2368 4997 scrib.
2401 4939 2541 5012 Gebv
2567 4936 2730 5012 αὐτον
2768 4936 3076 5012 ἐπείρασεν.

2026 5015 2266 5067 Severus
2327 5007 2748 5081 entiocha‘adv.
2787 5001 3398 5081 {aliq‘nuttLHalicanL
3435 5057 3439 5061 ,

1861 5072 2108 5153 δρἱἱιεθ.
2146 5081 2300 5136 Rom.
2327 5077 2398 5153 Χ,
2432 5077 2657 5153 p._i‘.l.3)
2691 5097 2702 5131 :
2731 5095 2748 5127 ι
2780 5072 3400 5153 Cyr-illus(Theodorum

1863 5142 1956 5209 sed
1986 5142 2224 5208 fortasse
2264 5142 2448 5206 scrib:
2468 5142 2794 5215 Diodorum)
2824 5142 3076 5212 castigat,
3115 5143 3208 5215 qui
3249 5142 3404 5195 dixe-

1825 5212 1910 5277 rat
1935 5224 2250 5282 sanctitatis
2309 5220 2639 5288 virtutisque
2695 5212 3036 5288 in'Chrjsto
3097 5212 3400 5272 defectum,

1825 5309 1936 5363 quo
1980 5303 2227 5364 tempore
2269 5291 2339 5344 ab
2375 5284 2598 5364 inimico
2643 5284 3401 5364 tentatusfulua-superve-

1823 5352 2012 5418 riiente
2041 5352 2258 5417 in'eum
2309 5359 2414 5415 sub
2464 5355 2947 5426 columbaeAspecie
2971 5352 3176 5426 Spiritu
3209 5358 3404 5404 sancto

1826 5434 1998 5489 fuisse
2056 5433 2391 5502 suppletum.
2418 5447 2437 5479 ι
2482 5427 2606 5482 Haac
2638 5427 2684 5482 si
2719 5422 3022 5502 Theodori
3042 5422 3241 5502 fuisset
3263 5434 3401 5502 seu-

1826 5506 2018 5568 tentia,
2071 5490 2197 5556 cu'm
2256 5500 2325 5556 iis
2395 5513 2520 5570 qua:
2569 5510 2737 5568 supra
2809 5495 3057 5565 disputat
3118 5490 3423 5546 conciliari.

1823 5589 1966 5630 και-θ
1993 5579 2204 5630 DOSSCI.

1871 5589 2378 5715 ἦτιθοῗῗῗξῗίύοηιη
2407 5637 2500 5696 sed
2524 5653 2633 5694 non
2672 5634 2884 5702 dubito,
2917 5632 3051 5705 quin
3081 5626 3404 5686 Theodorus

1827 5711 1972 5785 μόνῳ
1990 5711 2302 5784 ’δοτῆρεετὶι
