3834 6224
465 319 573 376 725

1603 311 1954 370 τηεοῡοιιι
1993 309 2450 367 MOPSUESTEN
2457 309 2475 363 1

3599 305 3666 358 ’Ἥ
3679 306 3707 360 λς

465 433 742 491 Deohaud
773 432 996 504 quidem
1028 431 1271 497 credere,
1303 430 1397 487 sed
1433 429 1591 485 ﬁdem
1627 430 1861 485 fortasse
1884 443 2126 500 quaerere
2160 427 2395 482 videtur.
2443 424 2608 478 Jesus
2675 421 2840 492 igitur
2909 422 3175 477 malitiam
3218 421 3419 477 diaboli
3483 420 3707 484 refellit,

466 529 559 597 qui
597 542 694 598 per
721 527 1026 582 simulatam
1058 527 1115 580 in
1157 506 1324 580 Deum
1373 524 1624 578 ﬁduciam
1657 523 1864 578 circulo
1889 531 2056 591 atque
2087 521 2404 588 ambagibus
2448 517 2516 571 ad
2550 515 2902 571 difﬁdendum
2944 514 3202 569 inducere
3251 529 3377 569 eum
3411 513 3604 567 voluit.
3646 508 3712 562 Et

466 613 573 674 hoc
595 616 814 687 quidem
845 617 1156 681 dicendum,
1180 615 1439 686 quoniam
1461 615 1668 668 dictum
1709 621 1793 668 est
1825 613 1892 669 de
1926 614 2160 666 humana
2204 619 2398 665 natura
2438 615 2684 662 tentata:
2719 606 3001 661 Dominum
3033 605 3198 659 Deum
3249 615 3396 661 tuum
3423 602 3716 662 adorabis,

466 707 620 763 etilli
664 707 765 761 soli
804 707 990 760 servies
1019 704 1172 778 (Luc.
1206 720 1279 769 IV,
1317 702 1408 776 8);
1453 702 1773 770 neutiquam
1808 710 1990 756 tamen
2031 702 2101 756 ab
2138 699 2458 755 adoratione
2511 697 2702 751 Patris
2759 695 3012 764 sejuncto
3070 695 3252 752 Verbo
3309 695 3494 751 divino
3539 701 3713 762 atque

469 795 678 868 Spiritu
704 804 917 853 sancto.

1086 883 1239 938 CAP.
1278 883 1420 938 XXI.

542 976 710 1034 Vens.
751 976 804 1030 7.
835 1006 904 1014 —
933 973 1086 1028 Talia
1117 975 1318 1044 saepius
1354 973 1499 1028 facta
1528 979 1659 1028 sunt
1688 981 1852 1042 atque
1880 971 2034 1026 ﬁunt.

475 1068 539 1124 Et
566 1068 839 1139 quomodo
871 1075 1000 1124 sunt
1029 1067 1145 1122 haec
1186 1064 1676 1120 consummationis
1708 1063 1900 1132 signa?
1940 1061 2039 1117 Ast

474 1162 600 1216 licet
646 1175 755 1214 non
800 1160 854 1214 in
906 1159 1182 1222 omnibus,
1226 1173 1407 1226 neque
1439 1157 1620 1210 omnia
1665 1156 1849 1217 simul,
1897 1155 2038 1208 facta

475 1253 608 1314 siut,
632 1266 778 1306 nunc
808 1257 991 1305 tamen
1022 1251 1204 1304 omnia
1241 1249 1379 1311 haec,
1405 1249 1600 1318 partim
1631 1261 1810 1316 neque
1841 1246 2040 1314 ubique

477 1341 644 1406 facta,
679 1341 937 1396 omnibus
964 1340 1020 1394 in
1052 1339 1189 1394 locis
1223 1339 1502 1400 evenient,
1542 1346 1600 1391 ut
1628 1336 1883 1391 omnibus
1915 1350 2039 1390 con-

477 1433 725 1502 spicuum
758 1443 888 1487 tunc
918 1431 1012 1495 sit,
1055 1429 1316 1484 mundum
1350 1429 1503 1484 hisce
1532 1443 1596 1482 ex
1634 1427 1817 1482 causis
1849 1442 2040 1497 quern-

479 1521 769 1575 admodum
818 1518 1089 1573 inﬁrmum
1137 1518 1485 1572 interiturum
1533 1532 1688 1580 esse,
1741 1517 1862 1578 cui,
1914 1530 2039 1568 cum

474 1610 659 1664 omnia
716 1609 870 1679 signa
920 1608 1168 1662 mortalia
1207 1607 1260 1659 in
1297 1607 1398 1660 hoc
1448 1621 1614 1660 unum
1669 1612 2039 1667 concurrant,

477 1696 627 1750 nulla
667 1696 904 1766 amplius
937 1702 1184 1764 superest
1216 1709 1363 1763 spes,
1402 1695 1529 1750 licet
1573 1693 1772 1763 saepius
1806 1693 2040 1762 quodam

477 1787 674 1840 horum
693 1785 1055 1858 zegrotaverit,
1075 1794 1415 1854 mortemque
1444 1786 1705 1846 evaserit,
1722 1800 1845 1838 cum
1870 1797 2037 1836 unum

477 1876 533 1930 id
567 1877 631 1932 ad
656 1887 883 1932 mortem
918 1877 1158 1931 hominis
1191 1875 1524 1930 eﬁiciendam
1556 1877 1702 1930 haud
1732 1875 2034 1931 suffecerit.

477 1966 705 2032 Quando
728 1967 910 2036 igitur,
928 1968 1127 2037 inquit,
1147 1969 1329 2022 omnia
1356 1969 1648 2032 haacsimul
1664 1968 1937 2032 evenient,
1964 1966 2043 2020 fa-

475 2069 594 2110 mes
607 2064 767 2126 atque
779 2057 967 2127 pestis,
983 2058 1415 2112 insurrectiones
1435 2059 1758 2128 populorum
1776 2058 2040 2112 adversus

475 2147 727 2217 populos,
759 2156 814 2204 et
856 2163 1146 2220 regnorum
1177 2150 1444 2204 adversus
1488 2165 1676 2221 regna,
1715 2159 1880 2218 atque
1917 2150 2042 2203 reli-

2718 871 2966 924 ΚΕΦΛΛ.
3001 873 3131 926 KA'.

2213 964 2411 1035 Στίχ.ζ’
2420 963 2589 1034 .-(1)
2611 961 2849 1016 Τοιαῦτα
2868 963 3127 1026 πολλάκις
3144 964 3350 1031 ἐγίνετο
3371 965 3715 1033 καὶγίνεται·

2139 1056 2232 1107 καὶ
2266 1053 2382 1118 πῶς
2432 1053 2604 1107 ταῦτα
2636 1051 2943 1114 συντελείας
2975 1055 3207 1123 aquaist;
3256 1053 3394 1106 Ἀλλ’
3425 1056 3474 1107 εί
3507 1056 3608 1109 καὶ
3639 1058 3716 1126 (Ξ)

2139 1149 2326 1214 γέγονε
2348 1143 2598 1207 τοιαῦτα,
2645 1144 2743 1196 οὐκ
2783 1144 2876 1195 ἐπὶ
2909 1144 3146 1208 πάντων,
3180 1145 3298 1196 οὐδὲ
3331 1145 3512 1199 πάντα
3533 1146 3680 1216 ὁμοῦ
3701 1164 3715 1176 ο

2140 1237 2233 1290 νῦν
2269 1238 2326 1290 δὲ
2361 1237 2533 1290 ταῦτα
2567 1236 2746 1289 πάντα
2783 1235 2927 1289 κατά
2978 1237 3140 1307 μέρος
3172 1239 3261 1290 καὶ
3301 1239 3404 1290 οὐκ
3434 1239 3526 1292 ἐπὶ
3579 1242 3718 1292 πᾶσι

2140 1329 2396 1399 γινόμενα
2435 1329 2512 1397 (5)
2541 1329 2832 1398 γενήσεται
2876 1329 3151 1398 πανταχοῦ
3195 1330 3336 1393 τότε,
3377 1330 3517 1382 ὥστε
3545 1334 3722 1384 πᾶσιν

2141 1414 2278 1471 εἶναι
2319 1417 2627 1485 καταφανὲς
2671 1419 2735 1469 ἐκ
2766 1417 2972 1470 τούτων
3015 1418 3105 1472 τὸν
3138 1419 3339 1488 κόσμον
3383 1420 3719 1490 λυθήσεσθαι

2141 1509 2327 1579 ὥσπερ
2373 1510 2652 1579 ἄρρωστον
2699 1509 2755 1561 ἐν
2800 1508 3106 1577 ἀπογνώσει
3155 1510 3464 1580 γενόμενον,
3497 1513 3732 1565 πάντων·

2141 1599 2276 1669 ὁμοῦ
2305 1599 2412 1651 τῶν
2455 1599 2786 1668 φθειρόντων
2837 1600 3000 1652 αὐτὸν
3041 1600 3282 1670 σημείων
3327 1605 3729 1671 συμπεσόντων

2142 1695 2220 1756 είς
2249 1692 2430 1753 ταύτὸ,
2452 1691 2654 1762 καίπερ
2681 1691 2937 1754 πολλάκις
2967 1692 3290 1760 νοσήσαντος
3322 1688 3383 1743 ἐκ
3413 1709 3556 1755 τινος
3591 1693 3718 1744 τού-

2142 1801 2247 1838 των
2281 1785 2377 1837 καὶ
2403 1783 2754 1850 διαφυγόντος
2788 1783 2862 1851 (4)
2899 1782 2988 1835 τὸν
3022 1781 3247 1836 θάνατον
3285 1781 3372 1835 διὰ
3403 1783 3462 1834 τὸ
3494 1783 3571 1853 μὴ
3604 1785 3724 1836 lxa-

2142 1875 2230 1928 νὺν
2266 1875 2520 1944 γενέσθαι
2552 1875 2612 1927 τὸ
2646 1874 2702 1926 ἓν
2735 1873 3043 1942 διαφθεῖραι
3075 1873 3166 1926 τὸν
3209 1872 3514 1944 ἄνθρωπον.
3547 1873 3730 1927 Ὅταν

2141 1963 2256 2028 οὖν⁹
2300 1968 2472 2036 φησι,
2504 1965 2683 2018 πάντα
2713 1963 2848 2035 ὁμοῦ
2891 1964 3062 2018 ταῦτα
3095 1964 3355 2034 γένηται,
3401 1965 3583 2034 λοιμοὶ
3626 1967 3722 2018 καὶ

2142 2057 2289 2127 λιμοὶ
2319 2058 2413 2110 κα)⁵
2438 2057 2830 2118 ἐπαναστάσεις
2859 2055 3025 2108 ἐθνῶν
3053 2057 3142 2108 ἐπὶ
3167 2056 3292 2126 ἔθνη
3319 2056 3412 2108 καὶ
3439 2056 3729 2124 βασιλείας

2143 2150 2236 2200 ἐπὶ
2270 2148 2543 2217 βασιλείαν
2573 2148 2660 2218 (5)
2685 2148 2776 2200 καὶ
2809 2149 2878 2200 τὰ
2923 2146 3058 2200 ἄλλα
3091 2147 3126 2200 δι
3167 2143 3286 2200 εἷπε
3319 2147 3590 2218 φόὸητρα,
3629 2150 3722 2199 καὶ

477 2253 585 2308 qua
649 2241 852 2306 omnia,
904 2210 1025 2310 quae
1067 2241 1201 2306 dixi,
1236 2242 1505 2296 terribilia
1544 2210 1598 2296 et
1645 2210 1828 2295 omnia
1875 2240 2038 2295 simul

2155 2239 2324 2292 πάντα
2365 2239 2502 2310 όμοῦ
2545 2238 2688 2291 κατά
2723 2238 2937 2292 πάντων
2982 2237 3209 2308 κινηθῇ,
3238 2239 3358 2290 τότε
3407 2238 3719 2307 σημαίνειν,

477 2327 702 2382 omnino
753 2329 1282 2396 commovebuntur;
1345 2340 1477 2384 tunc
1535 2331 1776 2384 vicinum
1833 2331 2037 2385 adven--

474 2425 591 2474 tum
623 2417 744 2489 ejus
776 2418 1008 2475 iudicari
1038 2420 1113 2474 ait
1142 2419 1292 2490 (Luc.
1335 2437 1450 2484 xm,
1480 2419 1563 2486 ll,
1596 2420 1706 2490 12).

1072 2530 1226 2586 CAP.
1272 2531 1439 2586 XXII.

545 2621 711 2678 Vens.
753 2623 822 2679 39
851 2637 974 2693 sqq.
997 2650 1069 2664 -
1094 2621 1158 2676 Et
1186 2623 1314 2676 talia
1344 2637 1584 2692 quoque,
1635 2621 1836 2692 inquit,
1879 2622 2041 2677 Jesus

476 2718 632 2778 orat;
662 2726 788 2766 nam
810 2713 977 2767 miser
1009 2712 1172 2768 homo
1207 2711 1571 2766 calamitatem
1607 2713 1878 2767 sustinere
1898 2712 2042 2766 haud

476 2809 670 2870 potens
711 2808 853 2864 orat,
888 2809 1071 2869 atque,
1108 2799 1236 2854 licet
1272 2800 1417 2854 Deus
1458 2799 1553 2864 sit,
1593 2799 1663 2853 ab
1697 2801 1891 2868 angelo
1918 2817 2040 2854 cor-

477 2894 788 2947 roboratur.
839 2891 976 2957 Quis
1011 2906 1142 2945 vero
1195 2891 1315 2954 tibi,
1366 2890 1536 2957 Luca,
1584 2891 1921 2944 renuntiavit
1977 2891 2044 2945 de

479 2983 694 3052 angelo,
721 2982 996 3052 quomodo
1016 2984 1347 3037 successerit
1376 2981 1452 3047 id,
1484 2997 1607 3036 cum
1637 2981 1914 3050 discipuli,
1945 2983 2040 3050 qui

477 3082 609 3129 tunc
651 3075 708 3128 in
747 3074 945 3128 vicinia
974 3080 1196 3128 orantes
1230 3081 1435 3137 essent,
1469 3074 1655 3128 videre
1704 3073 1846 3126 haud
1891 3075 2044 3126 vale-

477 3167 638 3220 rent?
666 3164 1005 3219 dormiebant
1036 3165 1207 3219 enim.
1246 3163 1614 3228 Quamobrem
1652 3180 1768 3228 eos,
1817 3165 1884 3220 ab
1921 3179 2048 3218 ora-

479 3259 628 3312 tione
667 3257 917 3321 veniens,
972 3271 1086 3325 prae
1136 3256 1394 3312 maestitia
1454 3255 1788 3310 dormientes
1841 3257 2047 3326 reperit

479 3349 728 3418 dixitque
758 3367 772 3402 :
799 3346 939 3414 Quid
969 3347 1257 3402 dormitis?
1281 3345 1488 3416 Surgite
1508 3356 1556 3400 et
1579 3356 1725 3400 orate
1749 3347 2043 3413 (Luauu,

479 3441 590 3512 ιδ),
638 3451 779 3507 etc.;
825 3449 880 3494 et
930 3437 1160 3494 inferius
1205 3439 1375 3509 (vers.
1421 3438 1551 3507 47):
1589 3439 1771 3492 Adhuc
1832 3456 1892 3493 eo
1933 3438 2048 3493 haec

2148 2332 2301 2399 φησι,
2330 2331 2496 2398 ἐγγὺς
2521 2324 2684 2383 οὖσαν
2713 2330 2810 2399 τὴν
2840 2329 3138 2399 παρουσίαν
3167 2328 3354 2382 αὐτοῦ.

2728 2533 2976 2588 ΚΕΦΑΛ.
3010 2532 3137 2587 ΚΒ’.

2219 2623 2365 2692 Στίχ.
2397 2623 2496 2677 λθ’.
2520 2655 2589 2665 -
2643 2623 2802 2676 Ἀλλά
2838 2623 2930 2676 καὶ
2958 2621 3036 2691 (6)
3075 2622 3300 2677 τοιαῦτα
3332 2623 3720 2693 προσεύχεται.

2149 2714 2333 2784 φησιν,
2389 2715 2418 2766 ό
2474 2713 2700 2784 Ἰησοῦς,
2747 2711 2834 2766 οἷα
2873 2713 3056 2777 ἄθλιος
3100 2714 3380 2784 ἄνθρωπος
3432 2716 3722 2785 συμφορὰν

2150 2805 2338 2875 φέρειν
2375 2805 2610 2866 εὐκόλως
2638 2806 2699 2857 οὐ
2731 2805 3045 2874 δυνάμενος,
3078 2805 3169 2858 καὶ
3207 2806 3296 2858 ὑπ’
3330 2805 3564 2872 ἀγγέλου
3593 2807 3722 2866 Θελς

2149 2895 2223 2948 ὣν
2245 2895 2570 2964 ὲνισχύεται.
2595 2895 2690 2958 Τίς
2709 2896 2766 2949 δὲ
2792 2896 2888 2948 καὶ
2909 2895 3199 2965 ἀνήγγειλέ
3221 2911 3326 2955 σοι,
3357 2896 3563 2957 Λουκᾶ,
3592 2896 3719 2961 περὶ

2149 2987 2242 3040 τοῦ
2275 2987 2508 3056 ἀγγέλου
2536 2988 2693 3049 ὅπου,
2724 2989 2778 3040 ει
2805 2987 2898 3040 καὶ
2925 2986 3118 3055 γέγονε
3146 2985 3332 3051 τοῦτο;
3367 2987 3489 3039 οὐδὲ
3523 2987 3575 3039 oi
3604 2987 3718 3038 τότε

2151 3077 2416 3148 παρόντες
2447 3078 2520 3147 (7)
2552 3077 2829 3148 εὐχομένῳ
2858 3076 2983 3129 ἰδεῖν
3015 3072 3118 3128 οἷοί
3145 3091 3203 3129 τε
3229 3072 3390 3145 ἦσαν’
3419 3075 3718 3146 ἐκοιμῶντο

2150 3171 2279 3240 γάρ.
2309 3169 2400 3222 Διὸ
2425 3169 2520 3223 καὶ
2547 3169 2654 3222 ἀπὸ
2681 3169 2780 3238 τῆς
2806 3166 3116 3238 προσευχῆς
3145 3165 3314 3218 ἐλθὼν
3345 3161 3502 3235 εὗρεν
3527 3168 3718 3228 aia-.05;

2151 3260 2526 3330 κοιμωμένους
2557 3260 2666 3314 ἀπὸ
2707 3261 2807 3329 τῆς
2844 3258 3021 3329 λύπης
3070 3258 3164 3310 καὶ
3206 3253 3362 3310 εἷπεο
3410 3259 3471 3310 Τί
3508 3257 3730 3311 καθεύο

2151 3351 2316 3417 δετε;
2349 3352 2722 3417 ἀναστάντες
2740 3351 3171 3418 προσεύχεσθε,
3199 3350 3290 3401 καὶ
3312 3349 3377 3402 τὰ
3402 3349 3550 3418 ἑξῆς,
3582 3345 3715 3401 εἶτα·

2153 3445 2263 3497 Καὶ
2293 3444 2380 3497 ἔτι
2409 3444 2595 3497 αὐτοῦ
2644 3443 2718 3513 (8)
2762 3443 2918 3496 τοῦτο
2945 3442 3311 3505 λαλοῦντος,
3358 3440 3489 3493 ἰδοὺ
3543 3440 3716 3507 ὄχλος

480 3532 738 3602 loquente,
786 3547 900 3586 ecce
937 3530 1093 3584 turba
1140 3547 1334 3599 magna
1381 3544 1432 3583 et
1484 3529 1680 3584 ludas.
1718 3529 1948 3599 Propter
1994 3530 2041 3584 id

2155 3535 2348 3601 πολὺς
2395 3535 2496 3589 καὶ
2551 3535 2800 3600 Ἰούδας.
2842 3537 2933 3587 Διὸ
2978 3534 3097 3587 οὐδὲ
3137 3532 3372 3600 ἔγραψεν
3435 3533 3712 3600 Ἰωάννης.

482 3639 700 3693 quoque
742 3621 1004 3685 Joannes,
1039 3622 1130 3691 qui
1185 3621 1323 3675 nihil
1357 3621 1588 3684 viderat,
1625 3621 1761 3674 nihil
1804 3621 2043 3690 scripsit.

483 3715 608 3771 Haec
635 3715 905 3771 Julianus.
946 3714 1099 3768 Haud
1140 3724 1227 3769 est
1261 3713 1600 3768 fortitudinis
1631 3720 1798 3781 atque
1830 3712 2048 3781 sapien-

480 3809 572 3862 tize
595 3809 1002 3870 documentum,
1044 3822 1152 3860 non
1191 3819 1557 3874 expavescere
1605 3804 1894 3865 terribilia,
1929 3803 2044 3867 sed,

481 3915 606 3954 cum
633 3899 762 3952 talia
785 3899 921 3953 bene
941 3897 1156 3968 cognita
1179 3898 1312 3961 sint,
1343 3896 1640 3965 prudenter
1661 3911 1723 3950 ea
1754 3896 2048 3964 aliquando

481 3991 776 4046 sustinere.
806 3988 948 4042 Nihil
979 3989 1124 4043 enim
1165 3989 1476 4042 hominibus
1516 3995 1692 4041 morte
1727 3987 2046 4051 terribilius,

482 4080 611 4133 licet
645 4093 764 4132 eam
797 4078 868 4132 ob
899 4076 1163 4131 beneﬁcia
1195 4076 1392 4129 collata
1428 4077 1679 4145 patiaris.
1710 4075 1846 4129 Cum
1881 4076 2050 4144 igitur

481 4169 737 4224 Christus
765 4167 1065 4223 secundum
1095 4180 1318 4220 carnem
1339 4174 1680 4234 assumptam
1699 4181 1860 4220 verus
1886 4164 2050 4220 homo

483 4266 682 4314 natura
725 4256 1059 4312 οοηειίιυιιιθ
1109 4264 1278 4320 esset,
1323 4270 1551 4310 necesse
1581 4271 1799 4325 quoque
1830 4264 1948 4311 erat
1979 4265 2037 4310 ut

554 4391 633 4464 (l)
657 4391 718 4464 In
751 4393 858 4448 huc
903 4390 1208 4464 fragmento
1239 4388 1515 4464 refellitur:
1535 4388 1810 4452 Julianus,
1839 4391 1933 4458 qui
1965 4391 2042 4445 si-

483 4459 585 4533 gna
613 4459 726 4516 'illa
777 4459 1098 4533 συντελείας.
1142 4460 1276 4514 Luc.
1322 4475 1438 4524 χχι,
1485 4459 1515 4512 7
1563 4475 1686 4530 sqq.
1719 4469 2041 4524 memorata,

483 4531 630 4587 nulla
665 4547 788 4588 esse
818 4531 1200 4586 contenderat.

575 4604 630 4666 9..)
662 4601 785 4656 Haec
807 4601 1007 4656 Juliani
1037 4608 1187 4661 sunt.
1222 4615 1342 4670 qua:
1357 4596 1678 4654 Theodorus
1717 4597 1830 4667 jam
1855 4599 2036 4654 diluit.

579 4674 632 4804 ὅ)
664 4670 812 4725 Fort.
849 4674 884 4725 l.
920 4670 1208 4740 γενόμενα.

579 4743 610 4796 4
665 4741 848 4797 Mue-nt
893 4741 1208 4804 διαφευγοτο

578 4734 631 4804 4)
665 4741 848 4797 Muent
893 4734 1254 4809 διαφευγοτος.
1277 4734 1339 4791 F.
1372 4739 1406 4792 l.
1429 4738 1827 4806 διαφεύγοντος.

579 4813 637 4880 5)
665 4812 870 4867 Muent.
902 4808 1000 4862 επι
1029 4808 1321 4879 βάσιλειας.

581 4873 636 4949 6)
662 4873 1046 4948 Fragmentum
1089 4880 1194 4949 hoc
1232 4876 1660 4949 anepigraphuni
1701 4873 1943 4949 Muenter
1986 4876 2039 4930 iu

484 4943 704 5008 schedis
751 4943 888 5005 bibl.
921 4949 1136 5004 Corsin.
1167 4943 1568 5012 invenitfqu‘od
1602 4943 1876 4998 Theodori
1917 4960 2041 4999 esse

483 5033 540 5076 et
569 5023 662 5091 qui
694 5019 923 5091 schedas
954 5019 1077 5091 illas
1105 5017 1329 5086 scripsit
1353 5024 1407 5091 et
1433 5016 1678 5091 ﬂuenter
1710 5022 1855 5091 recte
1895 5014 2041 5082 judi-

485 5083 702 5146 caruut.
730 5088 957 5143 Videtur
994 5088 1137 5141 enim
1169 5083 1237 5140 ea:
1270 5085 1457 5140 eodem
1495 5085 1588 5137 illo
1635 5083 1757 5136 cod.
1789 5092 2038 5137 catenam

485 5161 540 5213 in
566 5159 767 5218 Lucam
805 5157 1096 5210 exhibente
1123 5155 1491 5223 desumptum,
1528 5161 1676 5207 certe
1709 5151 2041 5223 pertinet_ad

484 5229 620 5286 Luc.
651 5243 786 5288 uti,
821 5225 1005 5294 59-57.
1039 5233 1093 5278 et
1132 5240 1250 5294 quae
1281 5221 1501 5294 pr0pter
1533 5223 1687 5294 hunc
1727 5223 1905 5275 locum
1928 5221 2040 5294 _Ju-

482 5300 666 5353 lianus
713 5302 900 5350 contra
953 5289 1165 5348 Jesuuf
1195 5289 1497 5364 protulerat
1543 5291 1885 5364 refelluntur.
1921 5289 2038 5344 Jam

483 5384 610 5423 cum
634 5365 954 5421 Theodorus
982 5368 1035 5416 in
1052 5359 1444 5417 commentario
1465 5363 1519 5414 in
1544 5361 1746 5415 Lucam
1763 5359 2039 5416 Julianum

484 5438 686 5508 saepius
714 5434 1032 5508 refutaverit
1083 5433 1165 5508 (ν.
1203 5431 1362 5502 iul‘.),
1413 5440 1639 5508 externa
1693 5445 1813 5508 (Mla:
1853 5431 2043 5508 dicunt

483 5499 807 5576 argumenta
843 5502 911 5555 ad
953 5499 1442 5576 Theodorum'nos
1476 5499 1842 5576 ducunt.ng
1869 5501 2042 5576 magis

483 5569 650 5630 eti'am
684 5575 752 5630 de
800 5573 1028 5628 internis
1076 5574 1234 5626 valet.
1277 5569 1497 5634 Oratio,
1537 5570 1815 5624 refellendi
1867 5570 2040 5631 ratio,

483 5643 719 5713 denique
756 5642 1002 5699 doctrina
1031 5641 1322 5697 manifesto
1349 5639 1620 5696 Theodori
1648 5639 1880 5694 indolem
1905 5635 2043 5692 refe-

481 5723 633 5770 runt.

2155 3627 2274 3679 οὺδὲ
2300 3626 2407 3699 γὰρ
2435 3623 2561 3679 εἶδε.
2591 3625 2775 3679 Ταῦτα
2833 3625 3134 3688 Ἰουλιανός.
3170 3625 3282 3676 Οὐκ
3329 3623 3585 3692 ἀνδρείας
3611 3623 3714 3674 ἐστὶ

2153 3732 2213 3768 τε
2244 3717 2336 3768 καὶ
2370 3716 2560 3783 σοφίας
2589 3716 2650 3768 τὸ
2698 3715 2770 3784 μὴ
2811 3714 3092 3782 φοϐεῖσθαι
3127 3714 3202 3766 τά
3226 3712 3458 3782 φοϐερὰ,
3497 3712 3633 3764 ἀλλὰ
3664 3711 3715 3762 τὸ

2156 3808 2250 3860 καὶ
2288 3806 2513 3860 τοιαῦτα
2544 3807 2720 3859 είδότα
2747 3807 2844 3874 (9),
2867 3807 3016 3874 ὅμως
3047 3807 3142 3859 σὺν
3174 3804 3315 3872 λόγῳ
3342 3804 3468 3855 ποτὲ
3500 3802 3717 3854 καταδέ-

2155 3899 2364 3967 χεσθαι.
2397 3898 2638 3951 Θανάτου
2670 3899 2779 3968 γὰρ
2807 3898 3112 3968 ἀνθρώποις
3138 3896 3290 3948 οὐδὲν
3327 3894 3714 3963 φοϐερώτερον,

2155 3989 2257 4042 κᾶν
2287 3990 2425 4060 ὑπὲρ
2451 3988 2542 4042 τοῦ
2577 3989 2936 4058 εὐεργετῆσαί
2962 4005 3112 4050 τινας
3257 3988 3412 4042 Ἐπεὶ
3443 3983 3538 4040 οὖν
3577 3988 3669 4039 καὶ
3693 3988 3717 4036 ὁ

2155 4080 2388 4149 Χριστὸς
2436 4082 2571 4134 κατὰ
2621 4080 2716 4152 τὴν
2746 4081 2925 4152 σάρκα
2957 4081 3054 4151 τὴν
3101 4079 3395 4148 ληφθεῖσαν
3439 4079 3717 4150 ἄνθρωπος

2157 4170 2373 4240 ἀληθῶς
2405 4170 2547 4224 κατὰ
2577 4171 2736 4238 φύσιν
2769 4166 2858 4240 ἦν,
2893 4173 2938 4222 εἰ
2970 4172 3064 4223 καὶ
3091 4170 3184 4222 τοῦ
3219 4169 3330 4239 (10)
3353 4171 3566 4240 Πατρὸς
3595 4185 3714 4221 κατ-

2145 4263 2410 4332 αγόμενος
2433 4262 2679 4334 λογισμῷ
2701 4263 2792 4316 καὶ
2821 4263 2998 4332 κρίσει
3028 4263 3438 4333 πολιτευόμενος
3475 4263 3577 4330 (7),
3608 4259 3715 4314 ἀλλ’

2216 4396 2294 4464 (7)
2333 4395 2536 4450 Muent.
2569 4397 2710 4450 male
2739 4396 3074 4465 interpunxit
3102 4411 3197 4449 nec
3229 4395 3406 4448 locum
3432 4393 3710 4465 intellexit.

2149 4463 2312 4520 Verte
2347 4483 2359 4519 :
2388 4466 2518 4532 Quis
2574 4483 2690 4520 vero
2739 4466 2858 4529 tibi,
2886 4463 3068 4526 'Luca,
3103 4466 3167 4519 de
3199 4465 3382 4532 angelo
3431 4464 3710 4525 nuntiarit,

2149 4534 2239 4587 ubi
2272 4536 2432 4588 etiam
2473 4536 2633 4604 fuerit
2664 4538 2815 4597 (erat
2846 4543 3026 4588 autem
3078 4535 3131 4587 in
3184 4543 3368 4594 monte
3411 4533 3712 4604 Olivarum.

2146 4604 2232 4658 Cf.
2302 4604 2434 4658 Luc.
2474 4603 2619 4670 'xxn,
2661 4606 2750 4666 59,
2805 4604 2896 4668 40)
2949 4605 3160 4658 etiamsi
3210 4604 3343 4655 illud
3393 4603 3598 4669 factum
3643 4612 3717 4656 est

2149 4673 2394 4744 (etiamsi
2427 4675 2571 4741 quod
2640 4689 2832 4744 narras
2870 4689 3054 4744 verum
3111 4673 3270 4744 est)?
3297 4673 3435 4738 Quid
3469 4686 3628 4744 _vero
3670 4672 3709 4724 si

2148 4740 2359 4798 scribas
2421 4740 2654 4812 ἀγγέλου
2700 4742 2896 4812 ὁπόθεν
2948 4742 3041 4795 καὶ
3081 4742 3305 4809 γένονε;
3344 4740 3708 4812 (ιιηίξεμειίθηι

2147 4813 2433 4883 venerit?)
2471 4809 2634 4866 τοῦτο
2666 4843 2756 4866 -.
2786 4811 2899 4865 Ilac
2927 4814 3142 4883 ratione
3185 4811 3422 4883 respergit
3462 4809 3708 4883 Julianus

2147 4897 2201 4936 v.
2240 4880 2573 4950 Lucae'dtﬁ.
2615 4883 2708 4935 ἀπ’
2739 4880 2968 4950 οὐρανοῦ
3011 4896 3246 4949 eumque
3285 4881 3444 4939 ridet.
3479 4880 3575 4949 qui
3609 4890 3707 4950 tam

2076 4973 2117 5028 υ
2148 4959 2401 5028 accurate
2438 4949 2648 5028 narret,
2685 4949 2829 5028 quod
2882 4966 2950 5028 n_e
2976 4959 3116 5028 tum
3159 4960 3458 5028 praesentes
3495 4949 3706 5027 quidem

2144 5021 2330 5076 videre
2369 5017 2881 5090 potuisseutfllinc
2911 5017 3208 5089 intelligas,
3238 5034 3338 5073 cur
3369 5017 3525 5071 τοῦτο
3574 5017 3706 5075 scti-

2146 5097 2295 5161 ptum
2322 5089 2414 5154 sit,
2442 5107 2619 5161 neque
2643 5107 2775 5144 vero
2804 5089 3011 5142 τοῦτον.

2217 5160 2292 5229 (8)
2327 5161 2501 5212 Αὐτοῦ
2527 5156 2636 5216 non
2688 5161 2884 5230 legitur
2923 5159 3064 5229 apud
3097 5157 3366 5230 Muenter.
3393 5156 3565 5210 Τοῦτο
3613 5171 3702 5230 au-

2145 5227 2251 5300 tem
2276 5227 2471 5300 verbis
2494 5231 2674 5285 citatis
2708 5227 2971 5299 sériptorf
2995 5227 3402 5300 perspicuitatis
3449 5242 3614 5282 causa
3644 5227 3703 5278 de

2147 5297 2266 5352 suis
2295 5297 2516 5362 adjecit.

2242 5366 2296 5435 9)
2338 5367 2542 5420 Muent.
2574 5368 2758 5420 είδοτι.

2250 5437 2332 5508 10)
2365 5437 2569 5508 Mucia.
2599 5455 2687 5504 ην,
2732 5454 2794 5508 εη
2823 5454 2940 5508 του.

2221 5505 2445 5579 (11)-91.
2475 5506 2679 5579 Theo_d.
2717 5505 2802 5579 ap'.
2832 5505 3020 5562 Leoni.
3044 5505 3194 5579 (Mai.
3221 5505 3422 5575 Script.
3447 5516 3705 5562 vettmooa

2150 5577 2299 5644 coll.,
2327 5575 2415 5645 VI,
2450 5593 2504 5646 p.
2539 5577 2643 5630 503
2681 5591 2763 5645 sq.
2787 5575 2824 5645 ).
