3834 6224
230 257 344 317 725

1465 274 1532 331 IN
1573 276 2023 336 EVANGELIUM
2048 278 2281 337 LUCE.

3399 292 3505 348 736

228 381 336 433 οὐκ
366 382 423 433 ἐν
451 383 691 451 σχήματι
721 385 812 438 καὶ
837 386 1055 458 δοκήσει
1087 390 1462 446 πολιτεύεσθαι
1492 395 1684 462 δοκῶν,
1710 398 1809 451 δει·

1926 397 2109 454 Patris
2138 398 2379 453 consilio
2418 384 2721 455 duceretur
2768 409 2933 473 atque
2963 402 3177 473 judicio
3224 405 3344 475 ejus
3374 408 3509 463 obe-

230 469 324 541 λιᾷ
359 471 449 523 τὸν
483 468 712 526 θάνατον
747 476 889 528 κατὰ
929 477 1091 546 φύσιν
1128 480 1428 551 ἀνθρώπων
1457 486 1551 538 καὶ
1592 486 1811 557 εῦχεται

231 564 331 615 καὶ
356 564 665 633 ὲνισχύεται
695 567 800 620 ὑπὸ
830 569 1063 637 ἀγγέλου
1095 573 1194 643 (1).
1229 573 1342 645 Τῆς
1373 576 1474 646 μὲν
1508 578 1687 650 ψυχῆς
1719 580 1814 633 αὑ-

229 652 328 705 τοῦ
366 655 824 729 προθυμουμένης
852 659 1098 733 λογισμῷ
1124 664 1395 733 αἱρεῖσθαι
1425 667 1565 738 ὑπὲρ
1598 670 1814 723 πάντων

230 742 326 796 τὸν
350 744 597 809 θάνατον,
630 747 721 800 τοῦ
750 748 808 801 δὲ
838 749 1086 820 σώματος
1112 754 1492 820 διαπίπτοντος
1521 761 1588 829 τῇ
1617 760 1810 831 δειλίᾳ,

231 834 445 905 άληθῶς
471 832 563 890 οὖν
584 838 833 909 ἀνδρείαν
856 840 1036 914 ψυχὴν
1061 840 1127 915 ἦν
1155 846 1449 901 θεάσασθαι
1478 852 1535 902 ὲν
1561 850 1813 923 ἀσθενείᾳ

233 926 486 997 σώματος
513 929 757 1002 λογισμῷ
794 934 941 1004 μόνῳ
975 936 1112 1008 πρὸς
1155 937 1253 1008 τὴν
1286 939 1447 1007 φύσιν
1495 944 1813 1015 μαχομένην

230 1018 329 1071 καὶ
358 1022 668 1089 κρατοῦσαν
696 1024 795 1093 (2).
828 1026 919 1096 Μὴ
953 1022 1047 1080 οὖν
1088 1028 1277 1099 σύγχει
1315 1031 1382 1084 τὰ
1413 1033 1685 1104 λεγόμενα
1720 1036 1811 1105 ὑφ’

229 1110 408 1178 ἡμῶν.
435 1112 512 1165 Οὐ
536 1112 645 1185 γάρ
674 1115 863 1187 ἐπειδὴ
888 1116 1020 1171 Θεὸν
1046 1119 1276 1191 λέγομεν
1300 1122 1392 1175 τὸν
1408 1125 1641 1194 Χριστὸν
1671 1130 1813 1182 κατὰ

234 1200 338 1269 τὴν
377 1200 547 1254 ἀΐδιον
590 1204 684 1256 καὶ
725 1204 958 1276 ἄναρχον
980 1208 1046 1261 ὲκ
1075 1208 1210 1263 Θεοῦ
1242 1211 1336 1264 καὶ
1364 1213 1580 1283 Πατρὸς
1625 1217 1807 1285 φύσιν,

233 1291 357 1360 οὐχὶ
402 1294 495 1345 καὶ
520 1293 804 1364 ἄνθρωπον
836 1297 1053 1367 ἀληθῶς
1084 1301 1453 1373 ὁμολογοῦμεν
1478 1307 1639 1360 αὑτὸν
1670 1310 1810 1363 κατὰ

228 1383 332 1453 τὴν
358 1384 688 1455 πρόσκαιρον
716 1389 810 1440 καὶ
834 1389 972 1458 μετὰ
997 1391 1197 1455 πολλὰς
1224 1396 1414 1461 γενεάς
1432 1398 1729 1468 γενομένην
1753 1401 1811 1467 ἐξ

227 1472 534 1544 ἀνθρώπων
571 1477 823 1549 διαδοχήν
856 1481 969 1551 (5);
1012 1484 1084 1535 Οὐ
1130 1484 1239 1555 γὰρ
1283 1486 1359 1556 τῷ
1406 1489 1810 1559 μεταϐληθῆναι

227 1563 463 1635 λέγομεν
510 1570 761 1636 γενέσθαι
805 1573 897 1626 τὸν
929 1574 1061 1627 Θεὸν
1107 1577 1279 1645 Λόγον
1306 1580 1504 1648 σάρκα,
1551 1581 1687 1635 ἀλλὰ
1734 1583 1811 1653 τῷ

228 1654 521 1708 ἀναλαϐεῖν
553 1658 730 1729 σάρκα
754 1659 848 1730 (4).
884 1663 1089 1716 Μαθεῖν
1121 1665 1176 1717 δὲ
1206 1667 1295 1719 τὸν
1322 1670 1533 1722 Λουκᾶν
1558 1673 1687 1742 περ).
1714 1674 1806 1727 τοῦ

1921 489 2546 560 dientiampraestaret.
2591 490 2698 547 Sed
2741 508 2867 547 cum
2913 509 3023 548 non
3068 495 3121 548 in
3170 496 3345 564 ﬁgura
3394 506 3508 552 tan-

1921 587 2037 633 tum
2067 588 2231 651 alque
2261 597 2360 652 pro
2392 582 2564 636 forma
2606 582 2831 638 obedire
2859 585 3042 649 vellet,
3094 596 3323 642 mortem
3373 603 3509 658 quo-

1921 683 2028 737 que
2076 671 2379 725 secundum
2420 670 2720 725 humanam
2766 683 3018 727 naturam
3068 675 3268 740 timuit,
3300 677 3510 731 oravit-

1914 773 2042 827 que,
2081 765 2136 813 et
2172 760 2241 814 ab
2289 761 2486 831 angelo
2531 762 2926 817 corroboratus
2970 771 3076 817 est.
3133 764 3328 818 Anima
3359 767 3508 819 enim

1914 849 2035 915 ejus
2064 850 2324 913 consilio,
2352 852 2544 906 mortis
2580 853 2632 906 in
2666 854 2902 907 salutem
2935 855 3186 908 omnium
3213 856 3505 925 eligendae,

1916 942 2237 1009 inhaarente,
2268 958 2500 1013 corpore
2542 952 2724 1000 autem
2754 961 2867 1015 prae
2897 946 3093 1001 timore
3120 960 3507 1012 evanescente,

1916 1030 2112 1087 fortem
2164 1048 2302 1089 sane
2328 1035 2591 1100 animam,
2632 1036 2689 1090 in
2737 1037 3059 1092 inﬁrmitate
3100 1039 3351 1109 corporis
3389 1042 3507 1095 solo

1914 1139 2015 1178 suo
2054 1124 2291 1179 consilio
2337 1139 2463 1179 cum
2516 1134 2713 1180 natura
2754 1127 3136 1191 dimicantem,
3190 1128 3509 1183 victricem-

1913 1232 2020 1285 que
2064 1216 2254 1271 videre
2302 1224 2443 1271 erat.
2492 1216 2570 1272 Ne
2604 1218 2770 1287 igitur
2808 1221 2969 1273 verba
3030 1235 3217 1274 noswa
3267 1217 3507 1274 confun-

1913 1308 2010 1364 das
2046 1328 2059 1363 :
2090 1322 2215 1363 cum
2258 1308 2406 1363 enim
2446 1308 2730 1363 Christum
2776 1310 3029 1365 dicamus
3075 1312 3243 1366 Deum
3299 1325 3506 1366 secun-
3556 1312 3563 1319 '

1913 1400 2340 1456 dummternam
2378 1410 2542 1471 atque
2572 1400 2873 1456 increatam
2906 1401 3027 1469 ejus
3071 1416 3136 1456 ex
3172 1400 3285 1455 Deo
3329 1399 3492 1455 Patre

1914 1500 2193 1559 naturam,
2238 1507 2421 1547 nonne
2448 1492 2615 1546 etiam
2649 1506 2776 1547 eum
2816 1491 3095 1546 hominem
3130 1507 3320 1547 verum
3362 1505 3499 1545 cou-

1915 1583 2154 1648 ﬁtemur,
2194 1584 2498 1639 secundum
2530 1584 2946 1640 successionem
2987 1584 3109 1653 ejus
3152 1599 3220 1638 ex
3271 1583 3505 1636 homini—

1914 1678 2018 1733 bus
2052 1675 2463 1746 temporariam,
2499 1684 2665 1746 atque
2711 1685 2837 1745 post
2876 1677 3081 1729 multus
3118 1675 3504 1745 generationes

228 1747 466 1813 ἀγγέλου
505 1750 835 1821 πολλαχόθεν
871 1751 939 1825 ἦν
972 1756 1194 1811 δυνατόν
1215 1776 1228 1789 ·
1274 1760 1489 1830 πρῶτον
1526 1765 1624 1833 μὲν
1658 1767 1808 1835 παρὰ

1925 1768 2152 1823 'actam?
2180 1766 2298 1821 Non
2326 1766 2473 1821 enim
2514 1768 2839 1832 mutatione,
2875 1766 2972 1821 sed
3000 1770 3349 1836 susceptione
3382 1780 3506 1817 car-

230 1838 441 1908 Πέτρου
473 1840 565 1893 καὶ
590 1840 696 1894 τῶν
724 1844 1009 1898 Ζεϐεδαίου
1044 1848 1177 1901 υίῶν
1210 1850 1489 1921 εὐχομένω
1526 1855 1809 1923 παρόντων

226 1927 308 1999 τῷ
354 1929 549 1999 Ἰησοῦ,
576 1930 766 1987 ἔπειτα
798 1937 892 1988 καὶ⁹
922 1940 1053 2007 παρ’
1085 1941 1249 1992 αὑτοῦ
1287 1943 1423 2011 μετὰ
1446 1944 1544 2014 τὴν
1571 1948 1809 2000 ἀνάστα-

228 2035 317 2071 σιν
366 2020 773 2092 τεσσαράκοντα
819 2025 1030 2097 ἡμέρας
1091 2028 1275 2094 αὐτοῖς
1323 2032 1805 2105 συναυλιζομένου.

228 2111 346 2162 Οὐκ
372 2110 577 2181 ἔγραψε
606 2113 663 2166 δὲ
690 2113 845 2170 τοῦτο
891 2118 1142 2190 Ἰωάννης
1174 2120 1329 2184 εἰδὼς
1349 2162 1363 2185 ,
1399 2123 1520 2176 ἐπεὶ
1554 2126 1647 2178 καὶ
1676 2125 1811 2180 ἄλλα

233 2202 405 2272 μυρία
437 2202 594 2265 εἰδὼς
622 2206 729 2258 οὐκ.
761 2204 966 2278 ἔγραψε
988 2250 1002 2275 ,
1033 2210 1172 2280 τάχα
1203 2213 1295 2265 καὶ
1322 2213 1453 2266 διότι
1487 2208 1639 2280 οὗτος
1670 2217 1808 2288 ἔφθη

228 2295 447 2364 γράψας
477 2297 576 2365 (5).
609 2298 731 2361 Πῶς
757 2299 811 2351 δὲ
849 2302 1022 2354 ἐκεῖνο
1052 2302 1112 2353 οὐ
1156 2304 1415 2375 καθορᾷς,
1455 2306 1529 2369 ὡς
1559 2309 1655 2377 οὐχ
1694 2310 1809 2378 ἅμα

225 2385 307 2456 τῷ
337 2386 592 2456 εῦχεσοαι
625 2390 717 2442 τὸν
757 2392 961 2461 Ἰησοῦν
989 2393 1337 2459 καθεύδοντες
1366 2399 1412 2449 οἱ
1438 2398 1678 2469 μαθηταὶ
1708 2420 1810 2454 πα-

230 2477 545 2547 ραδέδονται
569 2521 582 2544 ,
615 2480 701 2532 ἵνα
748 2482 886 2551 μηδὲ
938 2482 1234 2539 θεάσωνται
1266 2487 1357 2540 τὸν
1394 2488 1643 2556 ἄγγελον,
1694 2493 1810 2559 εἴγε

231 2569 493 2622 ἐνεδίδοτο
528 2570 662 2641 πρὸς
696 2573 755 2624 τὸ
779 2572 1112 2639 οεάσασθαι;
1148 2578 1267 2630 οὐδὲ
1298 2579 1405 2650 γὰρ
1446 2580 1637 2652 πόρρω
1682 2581 1809 2646 θέας

231 2662 328 2713 καὶ
355 2662 526 2733 ἀκοῆς
549 2658 709 2735 ἦσαν,
738 2668 1205 2740 παρατεινομένης
1232 2671 1287 2724 δὲ
1317 2672 1416 2741 τῆς
1457 2674 1621 2743 εὐχῆς
1663 2676 1811 2745 αὐτῷ

231 2752 515 2807 συνέϐαινε
548 2758 659 2819 τοῖς
697 2757 963 2827 μαθηταῖς
993 2760 1054 2813 τὸ
1083 2760 1366 2830 βαρεῖσθαί
1398 2781 1455 2816 τε
1493 2766 1587 2818 καὶ
1615 2766 1812 2819 καθεύ-

228 2847 363 2899 δειν.
399 2847 611 2912 ’Ἄλλως
651 2866 710 2901 τε
750 2852 841 2902 καὶ
871 2851 946 2920 (ϐ)
997 2853 1180 2923 τρίτον
1231 2858 1669 2927 προσευξαμένου
1719 2860 1814 2911 καὶ

228 2937 653 3008 διυπνιζομένων
696 2943 774 3003 είς
802 2942 862 2995 τὸ
897 2946 1297 3015 προσεύχεσθαι
1331 2948 1462 3017 όρᾷν
1494 2965 1557 3015 γε
1588 2949 1669 3017 (7)
1720 2950 1813 3001 τὸν

1910 1861 2020 1925 uis,
2058 1858 2231 1913 Deum
2264 1859 2505 1913 Verbu.u
2560 1873 2782 1914 carnem
2828 1874 2953 1913 esse
2992 1858 3197 1911 factum
3241 1857 3498 1911 dicimus.

1916 1949 2101 2003 Multis
2149 1959 2333 2003 autem
2389 1965 2454 2003 ex
2503 1949 2641 2004 locis
2690 1949 2870 2005 Lucas
2924 1949 2994 2004 de
3042 1951 3238 2019 angelo
3285 1949 3503 2004 discere

1915 2039 2091 2109 potuit
2125 2058 2136 2092 :
2170 2040 2348 2108 primo
2381 2039 2601 2109 quidem
2643 2055 2672 2092 a
2705 2038 2868 2094 Petro
2901 2048 2956 2094 et
2988 2056 3017 2094 a
3058 2040 3185 2095 ﬁliis
3217 2039 3499 2101 Zebedazi,

1915 2132 2006 2199 qui
2059 2146 2184 2184 cum
2235 2130 2396 2183 Jcsus
2458 2139 2642 2183 oraret
2684 2140 2980 2199 pizesentes
3037 2138 3227 2185 essent
3278 2128 3497 2199 (Matth.

1911 2239 2058 2287 xxvr,
2115 2223 2214 2286 57;
2270 2220 2440 2275 Marc.
2493 2237 2612 2285 x1v,
2662 2221 2793 2291 35);
2835 2222 2961 2277 dein
3011 2236 3230 2291 quoque
3289 2236 3319 2273 a
3373 2218 3502 2273 Jcsu

1914 2314 2056 2382 ipso,
2116 2320 2242 2382 post
2306 2310 3181 2382 resurrectionemquadraginta
3227 2326 3324 2381 per
3381 2311 3501 2364 dies

1912 2420 2037 2459 cum
2062 2405 2173 2459 illis
2204 2392 2568 2457 coinmorato.
2594 2402 2835 2458 Joannes
2859 2419 3012 2468 vero,
3035 2404 3154 2459 hoc
3181 2403 3310 2456 licet
3330 2402 3501 2473 probe

1913 2496 2149 2557 noverit,
2190 2494 2335 2548 haud
2374 2493 2619 2563 scripsit,
2653 2509 2776 2547 cum
2818 2502 2874 2547 et
2915 2494 3039 2547 alia,
3071 2494 3331 2562 plurima,
3374 2490 3502 2545 licet

1913 2584 2116 2647 sciens,
2179 2584 2432 2638 omiserit
2468 2583 2611 2652 (Act.
2660 2598 2697 2644 I,
2752 2583 2805 2645 3,
2858 2582 2938 2649 4),
2980 2582 3145 2636 facile
3188 2589 3244 2636 et
3288 2582 3344 2634 in
3396 2579 3501 2633 hoc

1913 2691 2135 2746 quoque
2192 2692 2221 2729 a
2275 2674 2420 2729 Luca
2462 2674 2578 2743 jam
2634 2681 2969 2744 praeventus.
3019 2673 3307 2740 Quomodo
3371 2686 3500 2727 vero

1914 2784 2022 2823 non
2056 2768 2475 2831 animadvertis,
2514 2768 2662 2837 quod
2692 2767 2839 2819 haud
2872 2781 3064 2821 omnes
3094 2763 3377 2834 discipuli,
3422 2761 3501 2818 si-

1919 2861 2027 2913 mul
2062 2874 2126 2913 ac
2151 2858 2313 2914 Jesus
2348 2867 2762 2921 oraret,somno
2793 2857 2965 2913 dediti
3005 2865 3212 2920 essent,
3246 2868 3303 2909 ut
3333 2870 3499 2924 ange-

1915 2942 2052 3017 lum,
2102 2950 2346 3005 simodo
2388 2948 2687 3002 videndum
2734 2962 2856 3003 sese
2892 2946 3210 3016 praabuerit,
3259 2959 3372 2999 non
3420 2944 3503 2997 vi-

229 3030 462 3099 ἄγγελον
490 3032 798 3088 συνέϐαινεν
828 3037 885 3087 ὲν
913 3037 1065 3089 νυκτὶ
1091 3038 1407 3109 πανσελήνῳ
1435 3040 1535 3107 (8),
1563 3041 1656 3092 καὶ
1684 3040 1809 3094 ἄνευ

1925 3040 2164 3096 disserit?
2181 3039 2299 3094 Non
2315 3040 2460 3095 enim
2486 3041 2676 3110 procul
2701 3046 2857 3095 erant
2875 3053 2905 3091 a
2925 3039 3050 3095 visu
3077 3045 3240 3108 atque
3264 3035 3456 3090 auditu
3484 3054 3496 3087 :

230 3124 327 3176 τοῦ
356 3124 530 3193 φωτὸς
559 3126 633 3195 (9)
662 3126 753 3179 τοῦ
784 3129 840 3181 ἐν
880 3131 1033 3181 νυκτὶ
1076 3130 1255 3200 πολλῷ
1299 3134 1812 3203 περιαστραπτομέ-

230 3232 325 3270 νου
360 3218 497 3285 φωτὶ
521 3217 704 3287 (10),ῆ
735 3220 827 3271 καὶ
853 3220 1014 3272 αὑτοῦ
1052 3221 1145 3273 τοῦ
1194 3222 1364 3291 Ἰησοῦ
1395 3223 1811 3293 παραδηλώσαν-

230 3326 323 3371 τος
352 3310 535 3372 αὐτοῖς
563 3310 680 3363 τότε
712 3311 778 3363 τὰ
814 3312 1369 3382 παρακολουθήσαντα
1399 3315 1549 3386 αὐτῷ
1579 3334 1812 3387 προσευ-

230 3402 485 3471 χομένῳ,
532 3402 619 3455 ἴνα
664 3402 862 3473 μᾶλλον
904 3404 1101 3467 αὐτοὺς
1150 3408 1231 3468 εἰς
1270 3409 1578 3478 προσευχὴν
1627 3408 1812 3462 διανα-

236 3494 431 3564 στήσῃ.

1917 3142 2205 3204 prorogata
2239 3140 2420 3205 autem
2472 3134 2541 3188 ab
2580 3134 2675 3187 illo
2722 3132 2993 3197 oratione,
3042 3130 3221 3186 evenit
3261 3128 3503 3196 discipu-

1917 3226 1987 3280 lis
2015 3234 2074 3279 ut
2104 3240 2300 3280 somno
2349 3233 2711 3294 gravarentur
2753 3231 2807 3280 et
2849 3222 3175 3279 dormirent.
3219 3219 3503 3289 Praecipue

1916 3332 2045 3372 vero
2089 3318 2145 3370 in
2191 3326 2353 3371 nocte
2398 3316 2703 3384 plenilunio
2763 3316 3038 3370 illustrata
3073 3310 3260 3367 videre
3301 3319 3498 3379 potue-

1915 3417 2046 3462 runt
2075 3408 2355 3478 angelum,
2408 3422 2531 3461 cum
2572 3408 2732 3461 tertia
2760 3406 2872 3476 jam
2916 3406 3035 3459 vice
3066 3416 3271 3467 oraret,
3311 3402 3501 3472 illique

1916 3499 2020 3567 ipsi
2052 3497 2427 3568 expergefacti
2465 3505 2656 3553 essent
2692 3496 2763 3551 ad
2798 3494 3066 3550 orandum
3092 3491 3310 3564 (Matth.
3346 3506 3496 3549 xxvl.

232 3585 348 3655 43).
386 3586 453 3639 Et
494 3586 701 3657 absque
738 3588 859 3643 luce
894 3588 1017 3654 hac,
1052 3592 1285 3645 multum
1320 3593 1376 3645 in
1428 3599 1589 3646 nocte
1628 3590 1979 3661 splendorem
2014 3590 2303 3653 reddente,
2339 3589 2425 3644 vel
2454 3589 2521 3644 ab
2592 3590 2713 3659 ipso
2781 3588 2934 3652 Jesu,
2997 3600 3109 3656 quo
3182 3582 3380 3639 melius
3423 3583 3491 3639 ad

231 3675 543 3731 orationem
579 3676 971 3743 incitarentur,
1017 3677 1084 3734 de
1137 3679 1267 3745 illis,
1303 3694 1423 3750 quae
1462 3680 1605 3735 inter
1634 3680 1906 3735 orandum
1940 3679 1989 3733 ei
2022 3680 2361 3743 evenissent,
2402 3678 2623 3734 edoceri
2656 3685 2971 3747 potuerunt.

820 3790 1073 3844 ΚΕΦΑΔ.
1122 3790 1248 3845 ΚΓ.

306 3878 454 3949 Στίχ.
500 3884 573 3949 η’.
614 3878 822 3950 Ἰησοῦς
850 3880 907 3932 δὲ
938 3880 1052 3950 (11)
1089 3881 1349 3951 ἐπαχθεὶς
1381 3881 1517 3953 πρὸς
1562 3882 1808 3952 Ἡρώδην

232 3969 387 4024 οὐδὲν
416 3970 639 4041 ἐποίησε
673 3974 918 4041 σημεῖον,
949 3971 1149 4042 καίπερ
1177 3972 1387 4025 ἐκείνου
1416 3972 1810 4043 ἐπιθυμοῦντος

237 4062 366 4115 ἰδεῖν
388 4062 420 4131 ἢ
445 4061 675 4116 ἀκοῦσαί
704 4081 754 4115 τι
784 4063 1053 4131 λέγοντος,
1082 4064 1269 4134 ἐπειδὴ
1297 4064 1413 4133 ᾔδει
1439 4063 1513 4129 ὡς
1536 4065 1637 4117 οὐκ
1666 4065 1815 4133 εὐερ-

233 4154 617 4223 γετηθήσεται.
640 4152 727 4207 Τὰ
759 4155 1091 4225 γὰρισημεῖα
1122 4156 1221 4225 οὐχ
1250 4155 1436 4219 ἁπλῶς
1470 4156 1643 4208 ἐποίει
1675 4155 1809 4225 (1⁸2),

235 4242 357 4297 οὐδὲ
394 4244 532 4315 πρὸς
560 4243 815 4309 ἐπίδειξιν
855 4246 939 4298 ἶνα
976 4246 1138 4309 αὐτὸς
1174 4244 1542 4317 θαυμάζηται,
1580 4246 1694 4299 ἀλλ’
1726 4247 1813 4299 ἵνα

236 4332 433 4385 ἐκεῖνοι
457 4334 846 4396 πιστεύσαντες
877 4333 1141 4387 σωθῶσιν.
1174 4333 1342 4403 Δῆλος
1364 4334 1473 4405 γὰρ
1498 4330 1565 4405 ἧν
1595 4335 1693 4387 οὑκ
1722 4336 1813 4388 ἐπὶ

309 4529 385 4597 (1)
418 4526 503 4583 Cf.
558 4527 750 4583 Leont.
795 4527 1082 4597 (Galland.
1139 4528 1279 4584 Bibl.
1336 4528 1539 4592 Pattr.,
1602 4546 1698 4591 xu,
1743 4546 1797 4598 p.

234 4598 363 4666 688)
396 4616 411 4651 :
448 4598 646 4651 Timuit
687 4608 906 4652 mortem
947 4607 1198 4667 tanquam
1227 4599 1362 4651 hanc
1391 4600 1541 4653 enixe
1576 4599 1803 4669 fugiens,

234 4686 395 4737 quam
426 4685 693 4738 nunquam
724 4678 906 4735 sponte
930 4671 1193 4738 sustinere
1226 4670 1496 4731 voluisset,
1524 4672 1626 4723 nisi
1658 4680 1805 4723 luam

237 4740 449 4809 longam
503 4737 554 4791 et
604 4738 867 4805 prolixam
931 4737 1343 4809 admonitionem
1399 4749 1584 4792 nactus
1643 4750 1801 4805 esset,

233 4808 393 4877 quam
428 4825 459 4861 a
503 4818 550 4862 te
583 4811 764 4877 ﬁctam
796 4808 977 4877 angelo
1008 4808 1276 4877 attribuis.

310 4878 386 4947 (Ξ)
407 4878 610 4932 Statuit
642 4876 985 4939 Theodorus,
1015 4876 1200 4932 Jesum
1236 4878 1429 4931 sensim
1460 4895 1522 4931 ac
1545 4880 1804 4945 paulatim

234 4957 285 5001 et
316 4949 518 5002 meritis
564 4948 675 5002 suis
715 4963 839 5002 eum
889 4947 1093 5001 factum
1128 4964 1295 5017 (esse,
1323 4948 1416 5017 qui
1464 4948 1681 5004 fuisset.
1714 4949 1798 5002 (ll.

237 5034 291 5073 ν.
318 5032 368 5071 c.
402 5020 523 5073 Act.
551 5019 613 5072 C.
656 5018 846 5073 Const.
879 5033 939 5081 ιι,
974 5033 1047 5079 tv,
1076 5016 1167 5080 52,
1192 5018 1280 5071 59.

308 5088 391 5210 (δὲ
418 5086 587 5141 Facili
625 5089 944 5155 conjectura
983 5086 1227 5142 scribere
1276 5089 1455 5158 possis
1488 5104 1501 5140 :
1554 5088 1619 5140 Τί
1661 5088 1808 5158 γάρ;

308 5174 360 5209 ῖει
392 5157 820 5210 ὴ-διαδονήνε
865 5156 960 5210 sed
1018 5171 1151 5210 cave
1204 5173 1272 5210 ne
1317 5174 1440 5210 uuae
1489 5157 1808 5210 Theodorus

236 5156 820 5229 ἐπειδὴ-διαδοχήν)
865 5156 1163 5229 εθιίᾼειιινοΔ
1204 5156 1292 5212 ne'
1317 5174 1440 5229 qua:
1489 5156 1812 5229 Theodorus

236 5227 575 5297 negligenter
605 5226 828 5297 scripsit
850 5226 1120 5297 corrigas.
1152 5226 1227 5281 lta
1261 5226 1426 5290 recte,
1460 5228 1648 5294 credo,
1678 5243 1814 5282 con-

234 5296 599 5419 jﬁcitrcensor
632 5296 731 5352 ille
772 5296 923 5367 Lips.
956 5296 992 5349 1.
1031 5296 1067 5349 l.
1100 5311 1155 5366 p.
1191 5297 1317 5351 495.
1374 5297 1577 5353 Muent.
1641 5315 1809 5367 μετα·

306 5383 340 5419 τι
379 5382 525 5419 ηναι.

416 5382 525 5420 ναι.

306 5383 525 5435 ηυηναι.

311 5436 389 5507 (4)
421 5434 630 5507 Ϊὴθοᾱ.
684 5450 774 5507 ap.
819 5434 1014 5489 Leont.
1044 5434 1207 5507 (Mair.
1251 5437 1313 5507 l_._
1341 5437 1379 5507 l.
1422 5452 1476 5507 p7.
1510 5437 1637 5506 310,
1666 5440 1807 5493 Ban-

414 5504 778 5580 Catglucdtl.
835 5521 1049 5580 msscr.“
1090 5504 1217 5580 (tibl.
1257 5504 1629 5580 MedgLauL,
1658 5507 1716 5580 Vl.
1756 5525 1809 5580 p.

244 5575 387 5644 170)
420 5593 435 5629 :
465 5576 663 5646 νἸ-Ιμεῖς
700 5575 975 5645 εἰληφέναι
1020 5573 1305 5646 εινθρωπον
1356 5577 1446 5646 τὸν
1480 5576 1611 5630 Θεὸν
1641 5573 1814 5646 Λόγον

244 5592 345 5630 ‘llU
369 5592 387 5644 )
420 5593 435 5629 :
478 5592 663 5645 ημεις
700 5592 975 5645 ειΑηφεναι
1020 5592 1305 5697 ανυὲωπον
1356 5592 1446 5629 τον
1480 5592 1611 5630 δεον
1641 5592 1810 5646 Λογον

241 5647 353 5731 καὶ.
374 5644 602 5731 σφόδρα·
626 5646 823 5731 φαμεν,
857 5644 1113 5731 *γεγεενῆσ
1150 5663 1204 5697 αι
1237 5646 1292 5729 δε
1335 5645 1649 5731 ἄνθρωπον,
1688 5648 1810 5731 καθ’

240 5716 383 5787 ὑμᾶς
409 5712 871 5787 (Apollinaristas)
889 5714 987 5767 οὐκ
1004 5712 1066 5769 ἄν
1092 5732 1218 5769 ποτε
1239 5718 1410 5770 εἰπεῖν
1426 5712 1812 5791 ἀνασχοίμεθα.

2520 3790 2670 3844 CAP.
2724 3787 2910 3842 XXIII.

1989 3882 2155 3935 Vens.
2199 3882 2251 3935 8.
2283 3911 2351 3923 —
2383 3879 2543 3936 Jesus
2572 3895 2728 3944 vero,
2784 3893 2969 3933 coram
3020 3876 3233 3932 Herode
3278 3875 3498 3941 ductus,

1917 3977 2127 4030 nullum
2176 3973 2308 4029 fecit
2367 3974 2717 4037 miraculum,
2766 3971 2896 4026 licet
2943 3969 3036 4024 ille
3080 3966 3242 4023 valde
3278 3975 3503 4037 cuperet

1917 4066 2247 4121 miraculum
2271 4065 2479 4130 videre,
2514 4065 2598 4118 vel
2630 4077 2917 4119 sermones
2937 4060 3061 4130 ejus
3081 4059 3307 4114 audire:
3330 4058 3501 4129 probe

1917 4157 2125 4221 sciens,
2164 4154 2434 4211 Herodem
2481 4171 2614 4210 a-se
2656 4169 2764 4207 non
2801 4153 3069 4208 beneﬂcio
3106 4160 3364 4207 ornatum
3406 4151 3495 4203 iri.

1916 4245 2045 4301 Non.
2084 4246 2231 4301 enim
2284 4244 2492 4300 frustra
2546 4246 2631 4300 vel
2680 4243 3071 4299 ostentationis
3109 4257 3276 4297 causa
3328 4242 3499 4294 mira-

1917 4338 2038 4392 cula
2090 4335 2335 4402 fecit,-ut
2392 4336 2635 4392 Herodes
2687 4352 2814 4391 eum
2867 4335 3270 4390 admiraretur:
3309 4333 3404 4387 sed
3440 4341 3499 4386 ut

1981 4530 2058 4600 (5)
2087 4528 2289 4600 Probat
2342 4529 2667 4584 Theodorus
2706 4530 2942 4600 antiquae
2988 4528 3246 4600 Ecclesia:
3276 4537 3497 4600 senten-

1916 4598 2046 4653 tiam
2089 4614 2198 4671 qua
2252 4598 2523 4671 Joannes,
2562 4600 2791 4667 reliquis
2855 4598 3168 4671 Evangeliis
3225 4598 3493 4671 probatis,

1914 4683 2075 4722 suum
2107 4668 2495 4738 'supplementi
2550 4684 2719 4738 causa
2768 4668 3014 4738 scripsit.
3047 4683 3278 4735 eamque
3332 4669 3496 4725 latius

1914 4739 2169 4805 exposuit
2203 4737 2259 4793 in
2289 4738 2527 4793 Promm.
2562 4738 2615 4791 in
2646 4737 2870 4792 Joann..
2898 4737 3061 4790 infra.

1984 4807 2060 4877 (6)
2084 4807 2330 4864 Muenter
2351 4808 2436 4862 ιδε
2460 4824 2652 4860 και-.
2670 4806 2833 4861 Errat
2850 4806 3197 4871 Theodorus;
3227 4824 3276 4861 v.
3304 4806 3492 4863 Matth.

1913 4894 2067 4940 xxvr,
2104 4880 2170 4931 .H
2208 4894 2294 4940 sq.

1990 4895 2067 4940 vr,
2104 4895 2170 4931 αι
2208 4895 2294 4948 sq.

1984 4948 2060 5019 (7)
2097 4947 2503 5019 ᾖίυθηιθιζὸραν
2532 4946 2609 5001 δε.

1984 5014 2062 5085 (8)
2096 5017 2305 5073 Pascha
2338 5014 2648 5088 Judzeorum
2683 5016 2761 5088 (d.
2793 5031 2886 5068 xw
2918 5030 2991 5068 m.
3030 5014 3232 5087 Nisan)
3277 5033 3495 5088 semper

1924 5090 1976 5141 in
2008 5098 2222 5156 tempus
2249 5087 2539 5157 plenilunii
2562 5086 2827 5157 (incidere
2859 5095 3101 5142 constat.

1992 5158 2068 5224 (9)
2099 5156 2322 5212 Muen’ta
2398 5174 2526 5211 ανευ
2553 5156 2609 5209 δε
2638 5172 2833 5224 φωτος.

1999 5229 2113 5297 (10)
2150 5226 2419 5296 lntellige,
2457 5234 2517 5280 ut
2558 5226 2847 5297 (verissime
2880 5225 3317 5297 monuithcensor
3340 5240 3494 5297 corn—

1921 5294 2149 5351 me‘nta’t.
2177 5313 2310 5353 meae
2338 5294 2403 5351 in
2444 5298 2479 5352 ι.
2518 5296 2587 5349 ab
2618 5294 2995 5366 Rheinwaldio
3041 5294 3187 5366 edito
3226 5295 3496 5366 Αιιωιιε-

1920 5368 2209 5435 ρενιονὶιιηι
2258 5368 2345 5434 [ur
2391 5366 2477 5419 die
2528 5366 2687 5419 theol.
2732 5363 3029 5431 Literatur,
3060 5363 3125 5418 T.
3177 5363 3327 5435 ην(
3351 5363 3489 5421 fasc.

1920 5434 1974 5502 4,
2012 5437 2166 5500 1859,
2197 5437 2331 5493 illud
2376 5436 2583 5500 lumen,
2616 5448 2727 5505 quo
2776 5436 2951 5505 angeli
3001 5434 3327 5490 circumdati
3370 5448 3494 5491 esse

1923 5508 2277 5561 mutabantur.

1962 5514 2277 5561 utabantur.

1922 5524 2277 5577 putabantur.

1991 5577 2103 5646 (ll)
2139 5577 2341 5632 Muent.
2387 5576 2423 5629 1.
2483 5590 2532 5629 c.
2563 5589 2616 5643 p.
2671 5574 2774 5628 115
2804 5590 2850 5629 s.
2901 5572 3251 5631 Praemissum
3292 5571 3494 5643 legitur

1920 5647 2213 5717 Θεόδωρον.

2000 5713 2110 5787 (l2)
2138 5719 2219 5774 Cf.
2255 5714 2463 5773 Thcod.
2498 5715 2565 5771 ad
2589 5713 2749 5771 Joan.
2782 5730 2857 5777 ιι,
2891 5714 2979 5768 5-1.
