3834 6224
319 2839 332 2848 ’
411 2853 620 2906 sionem
689 2851 875 2913 dedit,
931 2852 1086 2906 alteri
1135 2866 1262 2905 vero
1313 2853 1420 2905 alio

399 202 498 258 727

1492 207 1841 263 THEODORI
1884 205 2363 262 MOPSUESTi-LNI

3543 201 3653 256 728

394 317 476 374 illi
507 317 1207 383 crcdentes,salvarentur.
1238 317 1526 375 Manifeste
1554 336 1684 375 vero
1717 319 1964 375 Herodes
1995 370 1999 380 ,

2085 320 2239 389 τούτῳ
2265 317 2440 388 ζητῶν
2465 335 2516 370 τι
2551 316 2734 387 θαῦμα
2752 357 2766 381 ,
2798 314 2911 368 ἀλλ’
2939 315 3012 377 ὡς
3048 312 3305 384 μεμηνὼς
3333 312 3455 366 κιατ⁹
3479 313 3654 366 αὑτοῦ

395 409 538 464 hanc
569 409 640 462 ob
687 425 908 466 causam
938 411 1146 470 nullum
1180 413 1432 481 quaesivit
1477 414 1827 476 miraculum,
1870 410 1971 470 sed.

395 501 471 556 illi
505 502 676 555 iratus
700 502 1075 573 indignatione
1097 501 1320 574 dignum
1348 504 1552 574 aliquid
1573 503 1754 560 videre
1771 517 1967 574 exspe-

395 594 580 646 ctavit.
622 591 739 645 Non
780 592 926 646 enim
971 579 1231 664 tanquam
1264 597 1562 659 insontem,
1594 593 1725 648 licet
1777 602 1834 646 ut
1868 593 1970 647 im-

396 689 670 748 potentem
707 697 832 736 eum
878 694 1182 753 sperneret,
1213 686 1402 743 Jesum
1447 686 1676 751 dimisit,
1722 686 1818 741 sed
1871 687 1968 739 mi-

397 770 540 822 litari
576 786 698 824 eum
729 781 879 828 veste
925 775 1178 840 induens,
1218 779 1372 832 misit
1426 776 1493 830 ad
1531 776 1790 840 Pilatum,
1827 791 1969 846 quo-

397 875 542 923 cum,
571 871 778 914 remota
828 865 1157 933 suspicione,
1224 867 1615 922 reconciliatus
1651 875 1790 931 erat,
1840 882 1965 920 cum

398 950 557 1006 hoste
588 962 752 1022 atque
780 955 1004 1011 inimico
1035 960 1265 1027 potitus,
1297 974 1420 1014 eum
1445 959 1594 1013 velut
1626 959 1834 1012 hostem
1864 958 1968 1010 im-

397 1050 671 1110 potentem
701 1052 1090 1101 contemneret.

2071 411 2165 464 καὶ
2211 410 2359 473 ἄξιον
2400 409 2569 478 ὀργῆς
2611 425 2662 459 τι
2704 405 3002 460 θεάσασθαι
3045 403 3378 474 προσδοκῶν.
3425 403 3499 456 Οὐ
3535 403 3653 473 γὰρ

2071 503 2244 556 ἀθῶον
2273 502 2504 569 ἀφῆκεν,
2527 499 2728 568 καίπερ
2753 497 3169 568 καταφρονήσας
3194 494 3265 559 ὡς
3295 493 3460 564 μηδὲν
3487 493 3649 562 ποιῆ-

2072 612 2160 647 σαι
2207 592 2520 661 δυνάμενον,
2568 589 2702 642 ἀλλὰ
2751 585 3147 657 στρατιωτικὴν
3205 584 3366 638 αὐτὸν
3417 582 3652 644 ὲνδύσας

2072 684 2276 754 ἐσθῆτα
2319 679 2610 748 ἀπέπεμψε
2658 676 2735 747 τῷ
2780 676 2995 744 Πιλάτῳ
3025 674 3175 743 φίλος
3202 672 3523 741 γενόμενος,
3569 669 3649 734 ὡς

2074 773 2409 840 ἀπαλλαγεὶς
2439 770 2669 839 ὑποψίας
2711 769 2804 820 καὶ
2835 768 3112 838 κρατήσας
3143 763 3336 834 ἐχθροῦ
3364 763 3455 814 καὶ
3486 761 3652 818 πολε-

2078 867 2224 936 μίου,
2247 859 2609 928 ἐξουδενώσας
2631 859 2790 912 αὑτὸν
2816 859 2892 919 ὡς
2917 855 3108 926 ἐχθρὸν
3133 853 3326 925 μηκέτι
3346 869 3397 905 τι
3425 853 3656 922 ποιῆσαι

2073 956 2392 1024 δυνάμενον.

2755 1221 2928 1237 ρον-υ

1244 1353 1871 1447 THEODOBI
1963 1353 2798 1447 MOPSUES'I‘ENI

833 1549 917 1608 IN
947 1546 1477 1609 EVANGELIUM
1534 1547 1867 1608 JOANNIS
1916 1546 2487 1608 COMMENTARII
2543 1545 3046 1607 FRAGMENTA
3096 1543 3205 1624 (1).

983 1824 1403 1886 PROOEMIUM.

485 1939 617 1996 Post
681 1939 898 1994 Domini
959 1941 1013 1994 in
1079 1943 1250 1998 etelos
1318 1943 1738 2008 ascensionem,

406 2043 650 2103 tempore
694 2034 950 2104 discipuli
1013 2033 1376 2106 Jerosolymis
1425 2037 1748 2092 commorati
1810 2049 1970 2102 sunt,

406 2123 617 2176 vicinas
659 2123 908 2177 civitates
951 2123 1218 2179 obeuntes
1245 2165 1260 2189 ,
1295 2133 1348 2178 et
1383 2123 1588 2182 Iudaeis
1628 2128 1978 2195 potissimum

406 2215 769 2284 praedicantes
791 2255 806 2280 ,
843 2215 1016 2270 donec
1049 2232 1280 2287 magnus
1315 2218 1408 2272 ille
1435 2217 1658 2282 Paulus,
1709 2219 1978 2273 instinctu

416 2307 615 2360 divinae
666 2308 856 2375 gratia:
907 2306 973 2360 ad
1021 2308 1197 2376 palam
1248 2309 1504 2378 gentibus
1569 2309 1978 2378 prazdicandnm

408 2407 723 2468 segregatus
773 2398 892 2452 fuit.
953 2397 1240 2469 Temporis
1297 2409 1479 2455 autem
1546 2416 1839 2470 progressu
1897 2400 1981 2452 di-

409 2491 532 2542 vina
571 2489 746 2558 gratia
802 2504 932 2543 suos
969 2491 1354 2559 praedicatores
1401 2499 1554 2559 parte
1584 2491 1764 2559 aliqua
1824 2499 1980 2544 terra:

409 2580 660 2635 concludi
706 2581 930 2635 minime
969 2583 1321 2649 permittens,
1373 2581 1603 2636 diversis
1649 2598 1742 2636 eos
1776 2580 1982 2636 muniis

410 2671 478 2727 ad
523 2679 731 2725 remota
789 2672 908 2725 ioca
959 2671 1165 2725 eduxit.
1233 2671 1474 2726 Simonis
1531 2672 1798 2738 siquidem
1853 2685 1982 2740 pro-

412 2761 579 2818 fessio
653 2762 814 2816 beato
869 2761 1028 2816 Petro
1087 2761 1313 2814 Romam
1376 2763 1752 2830 proﬁciscendi
1818 2777 1980 2817 occa-

1472 2872 1486 2906 :
1537 2868 1642 2905 non
1683 2852 1829 2906 enim
1879 2853 1983 2906 ista

410 2941 731 2997 recensendi
801 2941 964 2994 modo
1029 2949 1243 3010 tempus
1295 2951 1397 2996 est.
1454 2941 1544 2997 Sic
1601 2957 1764 3012 porro
1827 2944 1984 2997 beato

413 3048 630 3102 quoque
671 3031 869 3086 Joanni
898 3031 1147 3101 Ephesus
1177 3034 1371 3102 obtigit
1415 3034 1790 3096 inhabitanda,
1848 3038 1974 3088 uni-

410 3137 626 3176 versam
676 3122 873 3177 exinde
923 3123 1107 3177 Asiam
1177 3125 1525 3193 peragranti,
1583 3126 1985 3195 maximamque

410 3211 532 3277 ejus
577 3211 1199 3284 incolispmdicatione
1255 3229 1354 3266 sua
1387 3215 1677 3269 utilitatem
1715 3214 1984 3268 aﬁerenti.

411 3302 752 3372 Conscriptis
803 3305 970 3374 igitur
1005 3304 1279 3373 editisque
1329 3313 1653 3359 czeterorum
1687 3307 1970 3374 evangeli-
2013 3285 2056 3341 (ί

412 3406 620 3450 starum
661 3395 897 3451 Matthaei
937 3404 989 3451 et
1031 3397 1221 3460 Marci,
1262 3413 1474 3451 necnon
1516 3407 1570 3450 et
1613 3396 1772 3449 Lucae
1813 3397 1985 3450 Evan-

412 3486 590 3556 geliis,
633 3488 815 3541 statim
855 3487 1114 3542 omnibus
1147 3502 1244 3556 per
1281 3489 1468 3542 orbem
1508 3487 1761 3542 ﬁdelibus
1797 3488 1986 3542 distri-

411 3578 566 3639 buta,
600 3586 653 3632 et
692 3578 760 3632 ab
793 3579 986 3633 iisdem
1039 3594 1254 3649 magno,
1300 3579 1380 3632 uti
1415 3593 1512 3648 par
1540 3588 1679 3634 erat.
1709 3580 1893 3634 studio
1920 3592 1984 3633 ac

415 3669 678 3734 religione
721 3677 942 3739 accepta
980 3676 1128 3723 sunt.
1160 3669 1363 3723 Verum
1405 3683 1531 3722 cum
1566 3669 1750 3723 ﬁdeles
1792 3668 1986 3723 Asiani

418 3759 634 3813 beatum
684 3757 946 3813 Joannem
986 3761 1052 3813 ad
1107 3759 1461 3829 Evangelium
1502 3759 1894 3820 scribendum,
1932 3766 1986 3812 ct

418 3850 753 3905 auctoritate
782 3865 845 3903 ac
880 3850 982 3904 ﬁde
1017 3851 1231 3905 caeteris
1261 3851 1577 3920 pra‘pollere
1606 3851 1987 3905 existimarent

416 3945 500 4010 (ut
525 3941 618 4009 qui
649 3950 776 3994 ante
801 3939 1113 3994 Matthaaum
1146 3956 1269 3994 cum
1293 3939 1517 3994 Christo
1547 3940 1725 3993 fuerat
1749 3953 1983 3994 conver-

420 4041 570 4086 satus
597 4039 650 4084 et
687 4031 948 4099 majorem
988 4031 1298 4085 dilectionis
1327 4045 1392 4084 ac
1431 4032 1622 4099 gratia:
1668 4029 1989 4098 praerogati-

417 4137 540 4174 vam
583 4129 916 4190 acceperat),
960 4121 1132 4176 libros
1163 4121 1584 4190 Evangeliorum
1621 4123 1722 4191 ipsi
1764 4122 1982 4175 obtule-

420 4218 580 4275 runt,
616 4217 677 4264 ut
719 4209 839 4279 ejus
885 4210 952 4265 de
978 4211 1113 4279 ipsis
1147 4210 1412 4279 judicium
1447 4212 1816 4279 explorarent.
1864 4212 1989 4280 Ipse

422 4313 602 4362 autem
629 4318 726 4358 eos
755 4309 815 4357 ut
838 4303 1051 4358 veritati
1076 4303 1296 4372 quidem
1341 4317 1618 4356 consonos
1637 4303 1984 4371 approbavit,

421 4395 687 4449 nonnulla
737 4401 917 4447 tamen
959 4393 1095 4447 dixit
1125 4396 1195 4448 ab
1225 4395 1306 4449 eis
1354 4394 1729 4462 praztermissa
1779 4403 1835 4448 et
1861 4397 1989 4463 qui-

419 4485 542 4540 dem
567 4526 582 4549 ,
617 4499 739 4554 qua:
773 4483 841 4537 ad
871 4484 1236 4538 eruditionem
1286 4485 1532 4537 omnium
1582 4484 1696 4538 fere
1752 4485 1990 4538 maxime

419 4576 827 4637 conducerent,
882 4574 1168 4629 miracula.
1218 4574 1467 4628 Addebat
1507 4576 1732 4645 insuper
1772 4590 1896 4630 cum
1920 4574 1988 4630 de

419 4667 626 4721 Christi
658 4669 709 4720 in
740 4683 908 4720 carne
962 4669 1200 4721 adventu
1239 4667 1655 4730 disseruissent,
1686 4683 1795 4721 non
1824 4682 1986 4734 opor—

420 4759 595 4813 tuisse
625 4773 846 4830 quoque
891 4756 1236 4811 divinitatem
1277 4757 1396 4825 ejus
1432 4758 1651 4812 silentio
1687 4758 1988 4827 praeterire,

421 4866 488 4904 ne
516 4851 774 4920 temporis
807 4865 1070 4905 successu
1102 4849 1357 4904 homines
1389 4849 1458 4904 iis
1477 4848 1749 4902 duntaxat
1777 4863 1990 4904 sermo-

422 4947 586 5001 nibus
635 4948 862 5013 assueti,
918 4948 971 5001 id
1025 4956 1236 5003 tantum
1295 4947 1440 5016 quod
1472 4946 1768 5014 apparebat
1799 4943 1992 4999 crede-

421 5047 564 5094 rent.
623 5039 864 5107 ltogatus
925 5048 1010 5094 est
1074 5040 1258 5109 itaque
1310 5053 1341 5092 a
1403 5038 1688 5100 fratribus,
1753 5044 1814 5090 ut
1869 5051 1991 5105 quae

421 5128 656 5180 maxime
708 5129 772 5180 ad
820 5129 1187 5185 eruditionem
1235 5129 1550 5184 necessaria
1589 5127 1884 5197 judicaret,
1934 5135 1989 5182 et

423 5233 453 5272 a
484 5219 698 5271 caneris
735 5220 1105 5273 praetermissa
1139 5230 1410 5284 cerneret,
1444 5219 1741 5290 diligenter
1775 5219 1986 5287 scripto

490 5370 568 5438 ti)
603 5368 772 5439 llujns
795 5371 1172 5424 commentarii
1204 5369 1500 5439 fragmenta
1539 5371 1725 5425 Grmca
1758 5385 1878 5434 ante
1905 5386 1983 5424 se-

423 5448 666 5506 quuntur
722 5439 834 5493 l‘cre
873 5441 1067 5509 omnia
1121 5442 1374 5509 leguntur
1432 5443 1484 5494 in
1517 5440 1721 5495 Catena
1762 5440 1981 5493 Patrum

424 5511 731 5580 tir-apeorum
765 5510 820 5562 in
868 5507 924 5562 S.
971 5507 1233 5566 Joannem
1274 5527 1337 5564 ex
1383 5511 1766 5580 antiquissimo
1795 5510 1985 5564 Graeco

427 5577 612 5639 codice
671 5595 772 5640 ms.
826 5593 971 5633 nunc
1019 5583 1252 5648 primum
1295 5581 1348 5633 in
1392 5577 1565 5635 lucem
1598 5581 1744 5638 edita
1767 5609 1835 5622 --
1863 5593 1988 5639 -ει

2667 1824 3070 1880 ΠΡΟΟΙΜΙΟΝ.

1815 1944 1980 2014 longo
2016 1951 2054 2004 [ι
2155 1943 2308 1996 Μετὰ
2331 1942 2428 2012 τὴν
2463 1941 2536 2010 (2)
2572 1945 2648 2006 είς
2688 1943 2951 2014 οὐρανοὺς
2979 1941 3239 2012 ἀνάληψιν
3280 1939 3374 1994 τοῦ
3418 1942 3676 2013 Κυρίου,

2079 2034 2172 2085 ἐπὶ
2236 2032 2412 2101 πολλῷ
2459 2033 2555 2102 μὲν
2602 2036 2714 2096 τοῖς
2759 2033 3150 2102 Ἰεροσολύμοις
3207 2032 3539 2104 ἐνδιέτριψαν
3606 2035 3659 2083 οἱ

2087 2125 2326 2193 μαθηταὶ
2386 2122 2464 2192 τῷ
2524 2125 2732 2193 χρόνῳ,
2790 2125 2888 2187 τὰς
2935 2126 3160 2194 πλησίον
3215 2126 3662 2195 περινοστοῦντες

2081 2214 2260 2276 πόλεις
2293 2215 2386 2266 καὶ
2421 2215 2618 2283 μᾶλλον
2668 2218 2777 2279 τοῖς
2820 2216 3090 2278 Ἰουδαίοις
3115 2216 3481 2286 διαλεγόμενοι
3525 2218 3662 2286 περὶ

2081 2305 2175 2357 τοῦ
2235 2306 2606 2374 κηρύγματος,
2667 2307 2825 2376 μέχρι
2884 2307 3090 2370 Παῦλος
3137 2309 3166 2359 ὁ
3203 2308 3374 2378 μέγας
3421 2307 3524 2359 ὑπὸ
3556 2307 3664 2376 τῆς

2079 2396 2228 2458 θείας
2261 2397 2480 2466 χάριτος
2509 2399 2753 2467 ὲναχθεὶς
2794 2400 3041 2470 φανερῶς
3089 2400 3223 2470 πρὸς
3261 2400 3319 2452 τὸ
3339 2402 3450 2461 τοῖς
3475 2399 3662 2451 ἔθνεσι

2081 2488 2369 2557 κηρύττειν
2423 2489 2728 2559 ἀφωρίσθη.
2785 2489 2892 2543 Τοῦ
2941 2491 2996 2543 δὲ
3053 2491 3244 2561 χρόνου
3293 2491 3592 2561 προϐάντος
3620 2491 3664 2558 ἡ

2082 2576 2200 2628 θεία
2233 2577 2421 2646 χάρις,
2464 2579 2565 2630 οὐκ
2603 2579 2902 2649 ἀνεχομένη
2959 2581 3082 2642 τοὺς
3137 2579 3366 2642 οἰκείους
3407 2581 3662 2648 κήρυκας

2082 2669 2140 2719 ὲν
2187 2667 2340 2737 μέρει
2373 2670 2810 2739 περικεκλεῖσθαι
2845 2671 2944 2739 τῆς
2973 2674 3104 2740 γῆς,
3147 2671 3420 2740 διαφόροις
3449 2672 3661 2722 οἰκονο-

2088 2759 2238 2828 μίαις
2268 2761 2462 2823 αὐτοὺς
2507 2761 2597 2813 ἐπὶ
2639 2763 2764 2824 τοὺς
2805 2763 2995 2832 πόρρω
3024 2762 3219 2825 τόπους
3255 2762 3537 2831 ἐξήγαγεν.
3589 2761 3670 2815 Ἡ-

2089 2852 2186 2922 μὲν
2217 2851 2323 2922 γὰρ
2346 2852 2584 2921 Σίμωνος
2615 2852 2890 2920 πρόφασις
2916 2852 3006 2904 τὸν
3038 2853 3302 2922 μακάριον
3328 2851 3528 2920 Πέτρον
3557 2849 3662 2918 τὴν

2087 2945 2177 2995 ἐπὶ
2219 2943 2433 3014 Ῥώμην
2466 2944 2580 2996 ὁδὸν
2611 2944 2937 3012 ποιήσασθαι
2987 2943 3423 3014 παρεσκεύαζεν,
3469 2942 3667 3010 ἕτερον

2085 3035 2142 3087 δὲ
2188 3035 2386 3105 ἑτέρως
2413 3052 2426 3064 ⁸
2477 3037 2538 3088 ού
2581 3035 2689 3106 γὰρ
2739 3034 2909 3089 ταῦτα
2951 3035 3044 3088 νῦν
3085 3035 3404 3102 καταλέγειν
3444 3034 3659 3103 καιρός.

2089 3125 2244 3176 Οὕτω
2272 3125 2336 3195 δὴ
2361 3126 2454 3178 καὶ
2481 3128 2508 3178 ὁ
2539 3126 2807 3196 μακάριος
2844 3124 3095 3195 Ἰωάννης
3113 3126 3251 3178 οἰκεῖ
3277 3123 3373 3194 τὴν
3400 3125 3662 3191 Ἔφεσον,

2090 3215 2307 3268 ἃπασαν
2341 3216 2607 3284 ἐφοδεύων
2649 3218 2749 3286 τὴν
2795 3216 2975 3268 Ἀσίαν
3021 3216 3114 3268 καὶ
3158 3215 3356 3284 πολλὴν
3388 3216 3498 3275 τοῖς
3543 3214 3666 3264 ἐκεῖ

2088 3306 2176 3358 διὰ
2208 3307 2314 3358 τῶν
2345 3308 2561 3360 οἰκείων
2607 3307 2778 3374 λόγων
2806 3308 2905 3375 τὴν
2951 3306 3216 3375 ὠφέλειαν
3264 3304 3660 3374 παρεχόμενος.

2089 3397 2298 3451 Γίνεται
2345 3399 2522 3450 τοίνυν
2565 3400 2621 3450 ὲν
2656 3398 2863 3460 τούτοις
2901 3397 3010 3450 τῶν
3034 3397 3234 3449 λοιπῶν
3265 3395 3667 3464 εύαγγελιστῶυ

2088 3489 2316 3552 ἕκδοσις,
2345 3489 2622 3542 Ματθαίου
2653 3507 2710 3542 τε
2734 3490 2826 3542 καὶ
2847 3489 3097 3560 Μάρκου,
3125 3489 3205 3540 ἔτι
3232 3488 3336 3558 μὴν
3360 3488 3452 3540 καὶ
3473 3487 3667 3538 Λουκεῖ

2086 3579 2154 3630 τὰ
2173 3581 2344 3630 οἰκεῖα
2362 3577 2715 3647 γεγραφότων
2739 3577 3068 3645 Εύαγγέλια,
3091 3577 3294 3647 διεδόθη
3325 3593 3384 3628 τε
3409 3576 3498 3628 καὶ
3520 3575 3672 3627 κατὰ

2088 3669 2266 3738 πάσης
2287 3672 2344 3720 ὲν
2365 3669 2563 3739 ἀκαρεί
2587 3669 2684 3738 τῆς
2711 3668 3036 3738 οἰκουμένης
3059 3668 3154 3720 καὶ
3187 3667 3290 3720 ὑπὸ
3317 3664 3424 3718 τῶν
3457 3665 3668 3717 πιστῶν

2089 3758 2449 3822 ἐσπουδάζετο
2482 3759 2696 3812 πάντων
2719 3759 2859 3828 μετὰ
2884 3759 3107 3824 πολλῆς,
3129 3759 3204 3819 ὡς
3230 3756 3396 3818 εἰκὸς,
3426 3755 3522 3824 τῆς
3543 3755 3669 3808 δια-

2087 3849 2309 3911 θέσεως.
2355 3849 2492 3900 Ἀλλ’
2525 3850 2574 3901 οἱ
2605 3849 2733 3919 περὶ
2768 3851 2864 3916 τὴν
2893 3848 3077 3900 Ἀσίαν
3122 3847 3324 3909 πιστοὶ,
3356 3844 3670 3908 ἀξιοπιστό-

2086 3957 2245 4010 τερον
2271 3940 2378 3993 τῶν
2405 3941 2604 3993 λοιπῶν
2639 3942 2717 4003 είς
2745 3941 2842 4010 τὴν
2866 3938 2960 3991 τοῦ
2987 3939 3319 4008 Εὑαγγελίου
3356 3939 3672 4009 μαρτυρίαν

2101 4030 2352 4099 Ἰωάννην
2377 4031 2657 4100 κρίναντες
2686 4029 2824 4083 εἶναι
2844 4031 2936 4083 τὸν
2969 4031 3255 4101 μακάριον,
3287 4029 3363 4094 ὡς
3397 4029 3489 4082 καὶ
3517 4028 3669 4082 ἄνωο

2090 4122 2180 4176 θεν
2214 4123 2363 4192 αὐτῷ
2409 4123 2632 4177 συνόντα
2683 4124 2776 4178 καὶ
2825 4123 2930 4193 πρὸ
2965 4121 3246 4176 Ματθαίου
3291 4122 3385 4175 καὶ
3421 4120 3671 4184 πλείονος

2088 4214 2174 4267 διὰ
2196 4215 2292 4282 τὴν
2312 4214 2531 4284 ἀγάπην
2559 4215 2657 4284 τῆς
2685 4214 2904 4284 χάριτος
2929 4213 3331 4275 ἀπολαύσαντα,
3361 4214 3670 4284 προσήνεγ-

2090 4321 2191 4362 καν
2224 4305 2323 4374 μὲν
2355 4304 2503 4375 αύτῷ
2528 4303 2626 4367 τὰς
2672 4305 2907 4374 βίϐλους,
2941 4304 3132 4374 μαθεῖν
3157 4305 3349 4374 ἥντινα
3409 4303 3536 4374 περὶ
3564 4304 3670 4356 αύ-

2089 4396 2196 4450 τῶν
2244 4395 2356 4465 ἔχει
2401 4397 2500 4464 τὴν
2543 4395 2700 4458 δόξαν
2754 4398 2881 4464 παρ’
2927 4395 3092 4450 αὑτοῦ
3133 4396 3460 4466 βουλόμενοι.
3513 4396 3576 4447 Ὀ
3611 4397 3672 4448 δὲ

2090 4486 2320 4556 ἐπῄνεσε
2368 4487 2466 4555 μὲν
2495 4487 2593 4555 τῆς
2621 4486 2878 4556 ἀληθείας
2908 4489 3037 4550 τοὺς
3070 4487 3442 4557 γεγραφότας,
3493 4486 3668 4556 ἔφησε

2093 4576 2149 4629 δὲ
2175 4576 2378 4646 βραχέα
2403 4578 2502 4646 μὲν
2525 4579 2706 4641 αὐτοῖς
2727 4577 3151 4649 παραλελεῖφθαι
3175 4578 3269 4630 καὶ
3292 4577 3400 4630 τῶν
3427 4577 3670 4647 μάλιστα

2092 4667 2401 4735 ἀναγκαίων
2434 4667 2686 4737 λεχθῆναι
2717 4668 3008 4738 θαυμάτων
3027 4668 3093 4721 τὰ
3115 4668 3463 4722 διδασκαλικά
3488 4668 3670 4721 ἄπαν-

2089 4772 2158 4807 τα
2214 4755 2429 4827 μικροῦ.
2476 4753 2610 4810 Είτα
2645 4759 2738 4810 καὶ
2772 4757 2880 4810 δεῖν
2918 4757 3120 4825 ἔφασκε
3155 4759 3280 4820 τοὺς
3315 4757 3443 4828 περὶ
3473 4758 3576 4827 τῆς
3612 4763 3670 4812 ὲν

2091 4849 2253 4918 σαρκὶ
2269 4848 2570 4918 παρουσίας
2585 4849 2679 4901 τοῦ
2699 4849 2936 4920 Χριστοῦ
2955 4850 3365 4920 διαλεγομένους
3387 4850 3522 4920 μηδὲ
3539 4852 3669 4914 τοὺς

2089 4938 2342 5008 περὶτῆς
2384 4939 2636 5008 θεότητος
2674 4940 2867 5008 λόγους
2907 4941 3258 5010 παραλιπεῖν,
3289 4941 3428 4994 ὥστε
3464 4943 3540 5013 μὴ
3570 4943 3668 4996 τοῦ

2088 5031 2274 5109 χρόνου
2308 5030 2690 5101 προϐαίνοντος
2727 5031 2936 5103 τούτοις
2958 5031 3327 5096 ἐνεθισθέντας
3353 5036 3463 5096 τοῖς
3485 5035 3668 5102 λόγοις

2094 5124 2220 5187 τοῦς
2256 5123 2574 5194 ἀνθρώπους
2619 5122 2776 5176 τοῦτο
2809 5124 2968 5192 μόνον
3022 5125 3184 5178 αὑτὸν
3233 5123 3472 5196 νομίζειν
3527 5128 3670 5198 ὅπερ

2099 5215 2368 5284 ἐφαίνετο.
2431 5216 2554 5267 Ἐπὶ
2610 5214 2819 5278 τούτοις
2875 5215 3220 5284 παράκλησις
3265 5215 3373 5270 τῶν
3422 5218 3667 5286 ἀδελφῶν

2090 5369 2408 5424 Balthasare
2438 5367 2700 5422 Corderio
2749 5365 3119 5434 Antverpiano
3153 5366 3210 5420 S.
3239 5365 3286 5419 J.
3319 5366 3475 5434 s._th.
3514 5363 3577 5434 Di.
3613 5369 3666 5417 et

2091 5440 2145 5491 in
2163 5441 2303 5493 alma
2327 5438 2618 5492 Viennensi
2652 5437 2802 5498 univ.
2835 5434 2923 5505 Pr.
2949 5430 3257 5505 Antverpim
3288 5430 3443 5497 1650,
3475 5435 3511 5488 f.
3547 5433 3665 5488 Sin-

2092 5509 2232 5578 gulis
2261 5508 2477 5577 przeﬁx'a
2513 5515 2640 5559 sunt
2666 5523 2715 5557 ν.
2741 5503 3013 5576 Θεοδώρου
3046 5503 3439 5574 Μοψουεστίας.

2165 5579 2238 5648 (9.)
2267 5578 2428 5633 ϐοτά.
2465 5585 2572 5631 cat.
2606 5589 2837 5648 promm.
