3834 6224
157 281 252 339 ’ῙΞῼ

1315 286 1381 338 lN
1418 270 1864 344 EVANGELIUM
1904 281 2209 340 JOANNIS.

3276 287 3394 350 750,

153 400 371 469 ἐγένετο,
408 399 578 452 ταῦτα
601 400 636 454 ἀ
665 400 898 472 μάλιστα
925 404 1198 472 ἀναγκαῖα
1241 403 1338 472 μὲν
1370 404 1545 474 κρίνει
1573 405 1708 473 πρὸς

1825 404 2130 468 nandaret,
2162 400 2309 471 quod
2341 409 2394 456 et
2431 401 2582 457 fecit.
2624 401 2778 457 Unde
2812 401 3006 458 statim.
3059 401 3111 454 in
3149 402 3380 455 exordio

152 490 499 555 διδασκαλίαν,
553 492 1027 566 παραλελειμμένα
1079 495 1136 546 δὲ
1193 496 1296 566 ὁρᾷ
1346 498 1458 558 τοῖς
1501 496 1707 559 λοιποῖς

150 583 342 652 γράψαι
377 582 516 652 μετά
561 584 817 653 σπουδῆς,
861 584 890 637 ὃ
937 585 1002 655 δὴ
1050 585 1146 638 καὶ
1197 587 1518 656 πεποίηκεν.
1543 585 1706 639 Ὅθεν

153 672 272 738 εὐθὺ
306 674 400 742 μὲν
433 673 527 726 καὶ
574 673 633 737 ἑξ
659 674 832 744 ἀρχῆς
875 675 1001 741 περὶ
1045 674 1151 727 τῶν
1179 675 1279 736 τῆς
1309 674 1557 741 θεότητος
1591 678 1707 742 ἐφι-

150 762 397 834 λοσόφησε
439 765 754 835 δογμάτων,
803 765 1007 834 ταύτην
1048 766 1351 832 ἀναγκαίαν
1383 766 1578 836 κρίνων
1611 766 1704 818 τοῦ

152 855 464 922 Εὑαγγελίου
513 856 728 909 ἔσεσθαι
778 857 875 925 τὴν
925 857 1120 927 ἀρχὴν,
1167 857 1262 909 καὶ
1298 857 1439 909 οὓτω
1482 858 1574 908 ἐπὶ
1610 857 1706 927 τὴν

1809 495 1876 550 de
1898 496 2188 550 divinitate
2217 502 2472 548 accurate
2506 495 2770 551 disseruit
2805 511 2818 546 :
2857 496 2986 549 hinc
3028 494 3380 567 Evangelium

1809 587 2128 640 necessario
2205 585 2601 653 auspicandum
2671 595 2853 650 ratus,
2926 598 2990 638 ac
3065 584 3262 640 deinde
3313 584 3382 638 ad

1807 674 2206 730 incarnationis
2273 691 2408 744 opus
2459 676 2768 739 transiens,
2827 691 3009 730 rerum
3076 690 3107 737 a
3152 675 3392 734 Domino.

1808 769 2080 822 dictarunt
2105 769 2190 823 vel
2219 779 2495 838 gestarum
2523 783 2631 822 non
2663 767 2809 821 aliud
2842 777 3037 837 praeter
3075 769 3178 820 hoc
3209 768 3384 821 veris-

1811 862 2012 916 simum
2046 878 2170 915 esse
2211 862 2542 930 principium
2586 869 2930 930 perspectum
2965 861 3175 914 habens

152 943 439 1013 οἰκονομίαν
473 945 731 1012 μεταϐὰς,
761 946 880 997 τότε
909 947 1002 998 καὶ
1025 945 1186 1008 αὐτὸς
1210 947 1335 1014 περὶ
1369 945 1460 998 τοῦ
1493 947 1698 1016 Κυρίου
1737 949 2033 1021 λεχθέντων
2063 951 2096 1021 ἢ
2125 952 2423 1019 γεγονότων
2453 953 2549 1022 οὐχ
2574 952 2767 1023 ἑτέραν
2795 951 2936 1017 τινὰ,
3003 951 3116 1005 ἀλλ’
3151 950 3184 1013 ἢ
3258 947 3386 1003 ταύ-

149 1044 244 1100 την
274 1033 420 1096 εἰδὼς
451 1030 614 1088 οὖσαν
651 1036 1021 1107 ἀληθεστάτην
1054 1040 1247 1108 ἀρχὴν.

735 1131 780 1180 Κ
789 1129 984 1181 ΕΦΑΛ.
1031 1131 1088 1182 A’
1099 1171 1110 1182 .

213 1217 350 1286 Στίχ,
383 1223 448 1284 γ’.
497 1249 567 1258 -
614 1219 768 1284 Τινὲς
801 1221 898 1290 μὲν
923 1216 1014 1274 οὖν
1044 1221 1121 1290 (Ι)
1163 1221 1336 1284 οὕτως
1370 1221 1706 1290 ἀνέγνωσαν,

153 1308 220 1358 '0
243 1307 479 1376 γέγονεν
502 1310 572 1362 ἐν
603 1311 780 1378 αὐτῷ,
808 1312 926 1364 ἀντὶ
950 1313 1067 1377 τοῦ,
1095 1313 1168 1365 δι’
1199 1313 1404 1379 αὐτοῦ,
1437 1312 1709 1378 λέγοντες⁶

149 1397 338 1459 Πῶςδὲ
366 1401 464 1453 οὐκ
490 1401 681 1471 εὕηθες
697 1399 785 1473 ἦν,
807 1406 854 1455 εἰ
879 1403 1034 1456 τοῦτο
1061 1403 1251 1474 ἔμελλε
1280 1403 1456 1471 λέγειν
1481 1405 1509 1456 ὁ
1535 1405 1714 1472 Εὐαγ-

148 1491 408 1562 γελιστὴς,
446 1494 519 1557 ὥς
549 1513 601 1547 τι
630 1495 892 1549 διδάσκων
925 1499 1070 1566 ἡμᾶς
1103 1497 1285 1550 καινὸν
1325 1498 1418 1550 καὶ
1456 1499 1568 1560 τοῖς
1612 1497 1708 1549 ἀν-

149 1581 376 1652 θρώποις
405 1587 714 1654 ἀγνωστον;
751 1590 816 1640 Ὃ
849 1588 949 1640 κᾶν
987 1589 1015 1639 ὁ
1060 1589 1236 1658 τυχὼν
1273 1591 1444 1642 εἰπεῖν
1477 1588 1708 1657 ἐδυνήθη

147 1676 240 1727 καὶ
267 1692 329 1726 πε
337 1675 388 1744 ρ).
413 1677 880 1745 τυχόντοςοΧωρὶς
902 1681 1088 1733 αὐτοῦ
1107 1679 1342 1748 ἐγένετο
1355 1679 1494 1733 οὺδὲ
1508 1679 1577 1732 ἓν
1593 1679 1710 1732 τῶν

145 1766 217 1818 δι’
245 1766 425 1820 αὐτοῦ
454 1770 799 1835 γεγονότων.
842 1771 957 1833 Πᾶς
995 1773 1101 1840 γὰρ
1149 1771 1395 1824 ὁστισοῦν
1444 1771 1536 1824 καὶ
1584 1770 1713 1840 περὶ
1746 1748 1785 1802 Β

147 1859 337 1921 παντὸς
367 1859 524 1912 τοῦτο
552 1861 681 1930 ἐρεῖ,
712 1862 940 1933 ἐπείπερ
969 1863 1124 1932 δῆλον
1148 1863 1224 1925 ὡς
1255 1863 1348 1915 ἐπὶ
1378 1863 1575 1925 παντὸς
1605 1862 1713 1914 τῶν

145 1952 173 2002 ὅ
196 1968 247 2002 τι
279 1952 403 2003 ποτὲ
449 1951 928 2023 διαπραττομένων
960 1956 1058 2007 οὐκ
1103 1955 1168 2006 ἂν
1198 1955 1341 2008 εἴποι
1373 1973 1456 2018 τις
1490 1956 1711 2026 ἑτέρως,

145 2043 176 2110 ἢ
221 2044 300 2094 δτι
366 2043 488 2096 Τῶν
527 2045 601 2096 δι’
646 2045 831 2098 αὐτοῦ
875 2046 1209 2114 γενομένων
1271 2045 1450 2100 οὐδὲν
1507 2047 1714 2116 γέγονε

146 2132 320 2200 χωρὶς
368 2129 579 2187 αὑτοῦ.
637 2135 792 2197 Τινὲς
847 2136 903 2187 δὲ
958 2138 1159 2205 ἑτέρως
1195 2137 1548 2204 ἀνέγνωσαν·
1601 2138 1711 2192 Καὶ

145 2223 319 2290 χωρὶς
349 2225 533 2277 αὐτοῦ
566 2226 799 2294 ἐγένετο
829 2227 970 2280 οὐδὲ
1013 2227 1083 2280 ἓν
1109 2244 1122 2258 ⁸
1176 2223 1296 2281 εἶτα
1315 2244 1328 2257 ⁸
1375 2231 1443 2281 Ὃ
1471 2232 1716 2298 γέγονεν

144 2315 215 2368 ἐν·
241 2314 396 2380 αὐτῷ
427 2316 537 2384 ζωὴ
572 2313 648 2386 ἦν
671 2335 683 2347 ·
732 2318 900 2371 πολλὰ
933 2319 1040 2390 γὰρ
1071 2319 1315 2389 ἀμέτοχα
1358 2318 1503 2390 ζωῆς
1545 2324 1711 2386 ἑστιν,

144 2405 217 2467 ὠς
252 2406 322 2474 γῆ
353 2409 442 2458 καὶ
472 2407 592 2476 ὗρη.
626 2407 813 2460 Ἔστιν
844 2404 954 2478 οὖν,
974 2409 1147 2480 πλοκὴ
1175 2409 1269 2463 καὶ
1299 2409 1589 2480 βεϐαίωσις
1621 2412 1715 2464 τοῦ

143 2500 405 2568 προτέρου
445 2516 457 2528 ·
513 2495 632 2553 εἶτα
673 2501 765 2554 καὶ
885 2503 1170 2571 σαφήνεια.
1219 2501 1406 2554 Εἰπὼν
1448 2502 1577 2572 γὰρ.
1632 2504 1718 2555 ὅτι

144 2589 343 2643 Πάντα
397 2589 470 2642 δι’
517 2591 700 2644 αὑτοῦ
752 2592 1014 2661 ἐγένετο,
1063 2594 1327 2663 ἐπήγαγε·
1379 2593 1487 2647 Καὶ
1537 2595 1717 2661 χωρὶς

142 2681 324 2732 αὑτοῦ
367 2681 506 2733 οὐδὲ
543 2681 610 2734 ἓν
643 2681 674 2736 ὃ
700 2683 965 2752 γέγονεν,
1005 2684 1251 2736 τουτέστι
1296 2685 1388 2737 καὶ
1434 2686 1716 2754 συντόμως

142 2772 332 2833 εἰπεῖν,
380 2772 542 2823 Οὐδὲν
575 2772 682 2825 τῶν
713 2774 1013 2840 γεγονότων
1043 2775 1169 2828 ἄνευ
1205 2776 1368 2828 αὑτοῦ
1402 2779 1712 2847 γεγένηται,

145 2861 306 2932 μόνου
332 2860 424 2912 τοῦ
456 2864 662 2930 [ἰατρὸς
695 2864 935 2937 ὑπεξῃρη
947 2866 1104 2934 μένου
1130 2868 1228 2937 τῆς
1254 2867 1416 2920 αὐτοῦ
1450 2871 1718 2938 ποιήσεως

143 2952 241 3004 σὺν
272 2951 350 3020 τῷ
381 2953 517 3022 ἁγίῳ
547 2954 841 3024 Πνεύματι,
878 2956 1174 3028 ἐπειδήπερ
1199 2959 1285 3010 ἀεὶ
1315 2958 1487 3009 συνὼν
1513 2961 1716 3022 αὐτοῖς,

141 3041 369 3104 εἰκότως
415 3043 505 3094 καὶ
551 3044 692 3096 κατὰ
731 3046 828 3114 τὴν
854 3044 962 3100 τῶν
989 3046 1122 3099 ὅλων
1147 3047 1503 3118 δημιουργίαν
1532 3051 1714 3114 αὐτοῖς
1741 3090 1784 3148 C

141 3148 528 3200 κεκοινωνηκε.
976 3197 980 3200 _
1724 3193 1728 3200 _

214 3224 383 3276 Τοῦτο
423 3220 574 3277 εἶπεν
612 3225 686 3295 (2)
721 3226 807 3280 διὰ
837 3226 1053 3281 πάντων
1094 3229 1376 3299 βουληθεὶς
1411 3229 1582 3294 δεῖξαι
1617 3230 1715 3300 (5),

139 3319 224 3370 ὅτι
257 3312 409 3379 οὗτος
439 3318 525 3369 ἀεὶ
554 3319 715 3388 συνῆν
753 3317 829 3388 τῷ
862 3320 1058 3389 Πατρὶ,
1092 3321 1166 3383 ὡς
1193 3323 1375 3391 ὅμοιος
1409 3322 1506 3392 τὴν
1535 3322 1718 3390 φύσιν,

140 3411 218 3472 ὡς
264 3409 515 3471 κοινωνὸς
561 3410 657 3479 τῆς
703 3409 1083 3480 δημιουργίας,
1119 3413 1192 3475 ὡς
1243 3412 1417 3466 συνὼν
1467 3414 1567 3483 μὲν
1609 3416 1718 3478 ἀεὶ,

141 3501 620 3570 συνεργασάμενος
645 3501 700 3553 δὲ
728 3503 815 3554 ὅτε
847 3502 952 3554 ἔδει
977 3503 1228 3570 γενέσθαι
1255 3504 1321 3558 τὰ
1351 3505 1498 3558 ὄντα.
1529 3505 1721 3575 Σαφῶς

136 3595 197 3648 δὲ
242 3594 463 3659 ἔδειξεν,
509 3594 590 3646 ὃτι
629 3594 708 3658 τὸ,
760 3593 832 3646 δι’
874 3595 1080 3659 αὑτοῦ,
1128 3597 1188 3648 οὐ
1228 3597 1501 3660 διακονίας
1537 3598 1721 3651 ἕνεκεν

138 3687 296 3757 αὐτῷ
328 3690 519 3749 κεῖται,
553 3687 686 3740 ἀλλὰ
707 3689 1020 3758 συνεργείας
1046 3705 1060 3719 ’
1109 3690 1201 3741 καὶ
1225 3689 1317 3742 τοῦ
1356 3691 1520 3761 μηδὲν
1551 3690 1721 3760 ὑφεξ-

138 3779 419 3850 αιρείσθαι
466 3780 561 3848 τῆς
613 3779 776 3831 αὐτοῦ
829 3781 1097 3850 ποιήσεως
1140 3781 1247 3833 τῶν
1307 3781 1630 3849 γεγονότων,
1662 3781 1724 3834 τὸ

138 3873 486 3939 ἐπαγαγεῖνο
531 3871 640 3924 Kal
681 3871 860 3939 χωρὶς
898 3873 1083 3926 αὺτοῦ
1122 3872 1357 3941 ἐγένετο
1389 3872 1532 3926 οὐδὲ
1572 3872 1660 3940 ἓν,
1690 3872 1722 3925 ὃ

137 3963 398 4032 γέγονεν
427 3963 524 4032 (4)-

215 4053 366 4122 Στίχ.
404 4051 465 4104 δ’.
513 4082 582 4092 ——
624 4051 727 4105 Ἐν
761 4052 836 4122 (5)
891 4052 1051 4116 αὐτῷ
1094 4051 1204 4120 ζωὴ
1255 4049 1366 4122 ἦν·
1422 4053 1542 4106 ἀντὶ
1590 4050 1722 4115 τοῦ,

138 4143 395 4213 Πηγάζει
424 4142 520 4213 τὴν
570 4140 804 4212 ζωτικὴν
839 4144 1088 4212 δύναμιν,
1133 4144 1207 4206 ὡς
1243 4144 1318 4212 μὴ
1373 4143 1532 4212 μόνον
1563 4143 1724 4195 αὑτὸν

138 4237 268 4305 ζῇν,
299 4235 434 4288 ἀλλά
483 4234 578 4286 καὶ
612 4233 787 4299 ζῶντα
821 4237 1013 4298 ποιεῖν,
1046 4236 1180 4305 ὅπερ
1209 4235 1303 4287 καὶ
1338 4229 1405 4304 ἦν
1431 4234 1724 4287 ἀκόλουθον

136 4327 222 4396 τῷ
242 4367 258 4389 ,
304 4327 407 4380 Καὶ
436 4326 612 4394 χωρὶς
642 4327 825 4380 αὑτοῦ
855 4326 1090 4395 ἐγένετο
1126 4325 1269 4380 οὐδὲ
1297 4326 1366 4378 ἐν
1393 4325 1424 4378 ὃ
1459 4325 1721 4395 γέγονεν.

2477 1125 2631 1180 CAP.
2665 1124 2708 1178 l.

1881 1217 2046 1274 Vens.
2074 1218 2127 1272 5.
2148 1217 2512 1287 ~cherunt
2547 1217 2768 1287 quidem
2790 1218 2998 1286 plures,
3026 1220 3164 1287 quod
3187 1221 3388 1290 factum

1810 1319 1885 1363 est
1918 1310 1972 1362 in
2004 1311 2141 1378 ipso,
2175 1324 2273 1379 pro
2299 1324 2390 1376 per
2416 1312 2608 1378 ipsum,
2635 1310 2880 1364 dicentes
2906 1325 2920 1362 :
2948 1310 3050 1375 Qui
3072 1324 3251 1366 autem
3278 1329 3388 1368 non

1811 1401 2275 1456 essetridiculum
2297 1441 2312 1464 ,
2347 1401 2394 1456 si
2436 1401 2510 1454 ita
2541 1402 2812 1470 luquendo
2848 1399 3198 1471 Evangelista
3223 1444 3237 1464 .
3285 1420 3388 1460 nos

1813 1509 1926 1548 rem
1973 1509 2170 1546 novam
2219 1501 2274 1547 et
2326 1493 2646 1548 hominibus
2683 1495 2921 1564 ignotam
2965 1497 3163 1549 docere
3209 1496 3389 1551 inten-

1813 1585 1987 1640 derit?
2018 1584 2109 1640 Vel
2145 1585 2338 1640 obvius
2363 1585 2596 1654 quisque
2624 1595 2678 1639 et
2714 1585 2781 1639 de
2814 1586 2975 1640 obvio
3002 1601 3220 1656 quoque
3245 1587 3386 1642 idem

1814 1691 2061 1732 asserere
2130 1677 2398 1745 potuisset
2444 1694 2457 1730 :
2528 1676 2654 1730 Sine
2713 1677 2828 1744 ipso
2885 1676 3084 1744 factum
3136 1687 3212 1732 est
3257 1678 3392 1731 nihil

1814 1782 1993 1819 eorum
2019 1781 2134 1834 qua:
2164 1782 2256 1834 per
2316 1767 2490 1836 ipsum
2521 1767 2667 1834 facta
2705 1777 2848 1820 sunt.
2878 1767 3010 1822 Nam
3041 1770 3271 1839 quilibet
3304 1771 3391 1825 vel

1815 1856 1881 1911 de
1929 1857 2174 1922 quolibet
2226 1856 2368 1910 idem
2419 1858 2789 1926 proiitebitur,
2839 1873 2960 1912 cum
3005 1869 3264 1929 appareat
3321 1861 3389 1916 de

1814 1948 2007 2016 quovis
2061 1962 2174 2000 rem
2219 1963 2609 2017 quamcunque
2665 1950 2983 2018 perﬁcientc
3027 1952 3216 2005 eadem
3260 1951 3391 2017 dici,

1815 2037 2014 2090 Eorum
2044 2054 2160 2106 qua:
2195 2054 2285 2106 per
2313 2039 2483 2105 ipsum
2519 2039 2659 2107 facta
2688 2049 2808 2092 sunt
2837 2041 2968 2092 nihil
2999 2041 3109 2095 sine
3140 2043 3252 2109 ipso
3281 2042 3395 2109 fac-

1817 2137 1924 2179 tum
1945 2135 2045 2183 est.
2075 2126 2309 2192 Quidam
2329 2136 2510 2183 autem
2532 2130 2691 2183 aliter
2717 2130 2986 2199 legerunt,
3015 2146 3141 2184 nam
3170 2132 3348 2200 primo
3375 2149 3390 2186 :

1817 2218 1884 2271 Et
1907 2222 2018 2273 sine
2045 2221 2156 2287 ipso
2183 2220 2384 2286 factum
2401 2230 2477 2275 est
2503 2221 2655 2285 nihil,
2675 2231 2728 2276 et
2751 2223 2947 2277 deinde
2975 2239 2986 2273 :
3016 2222 3168 2289 Quod
3192 2223 3393 2292 factum

1815 2320 1889 2363 est
1917 2310 1970 2362 in
1998 2311 2108 2378 ipso
2143 2311 2252 2364 vita
2295 2321 2442 2376 erat;
2488 2312 2659 2365 multa
2690 2313 2833 2367 enim
2873 2313 2986 2367 vita
3038 2322 3261 2377 carent,
3307 2314 3387 2368 uti

1817 2410 1965 2458 terra
2022 2413 2075 2458 et
2132 2412 2367 2468 montes.
2423 2402 2549 2458 Haec
2593 2404 2761 2473 igitur
2819 2404 3181 2473 praecedentia
3238 2420 3394 2459 com-

1815 2496 2020 2565 plicant
2073 2503 2128 2551 et
2185 2494 2548 2562 confirmant,
2597 2497 2706 2548 imo
2762 2503 2817 2550 et
2883 2496 3180 2550 elucidant.
3254 2495 3391 2549 Nam

1818 2594 1942 2656 post
1970 2588 2078 2651 illa,
2119 2587 2310 2641 Omnia
2337 2603 2429 2655 per
2449 2587 2620 2654 ipsum
2643 2587 2788 2655 facta
2811 2596 2958 2653 sunt,
2989 2588 3158 2652 addit,
3187 2586 3257 2640 Et
3283 2589 3398 2643 sine

1819 2679 1931 2747 ipso
1956 2679 2089 2731 nihil
2108 2678 2246 2748 quod
2269 2678 2494 2747 factum,
2528 2677 2633 2732 hoc
2655 2687 2738 2732 est
2764 2685 2824 2732 ut
2849 2693 2962 2732 uno
2981 2679 3148 2734 verbo
3171 2679 3388 2748 loquar,

1818 2769 1965 2824 Nihil
1988 2786 2175 2825 eorum
2203 2786 2325 2840 quae
2359 2771 2502 2826 facta
2535 2780 2663 2824 sunt
2700 2771 2766 2824 ab
2788 2771 2897 2824 alio
2923 2769 3066 2825 facta
3099 2780 3249 2835 sunt,
3283 2772 3390 2826 nisi

1820 2861 1958 2916 forte
1989 2877 2018 2915 a
2048 2862 2209 2916 Patre
2248 2863 2370 2932 ejus
2400 2871 2455 2916 et
2484 2862 2691 2932 Spiritu
2739 2871 2971 2929 sancto;
3007 2878 3134 2916 nam
3169 2863 3400 2933 quando

1820 2952 1888 3006 ab
1922 2953 2001 3006 eis
2036 2967 2316 3022 nunquam
2339 2953 2628 3016 dividitur,
2667 2962 2720 3007 et
2750 2968 2934 3006 rerum
2959 2953 3206 3008 omnium
3235 2969 3392 3009 crea-

1821 3045 2028 3099 tionem
2060 3060 2172 3099 una
2202 3059 2326 3098 cum
2351 3044 2433 3099 eis
2467 3050 2726 3114 operetur
2763 3051 3001 3113 oportet.

1890 3223 2007 3278 Hoc
2034 3221 2204 3285 dixit,
2235 3229 2297 3276 ut
2332 3237 2430 3291 per
2463 3221 2579 3277 haec
2605 3222 2788 3276 omnia
2825 3219 3175 3275 conﬁrmaret
3199 3221 3394 3276 Filium

1821 3330 2038 3385 semper
2069 3315 2260 3368 adesse
2297 3313 2486 3378 Patri,
2531 3321 2591 3367 ut
2629 3315 2720 3383 qui
2759 3314 3004 3382 ejusdem
3042 3315 3114 3367 sit
3153 3323 3385 3376 naturm,

1820 3419 1874 3466 et
1906 3422 2134 3463 consors
2174 3407 2538 3475 operationis,
2569 3421 2786 3476 semper
2809 3407 3029 3476 quidem
3073 3407 3123 3461 ei
3166 3407 3388 3461 coexsi-

1822 3509 2005 3564 stens,
2048 3511 2351 3566 cooperans
2391 3511 2524 3550 vero
2577 3511 2702 3550 cum
2751 3495 3076 3567 expediebat
3141 3498 3396 3552 universa

1822 3589 2076 3662 produci.
2124 3589 2284 3642 Clare
2335 3594 2517 3642 autem
2561 3588 2837 3648 ostendit.
2871 3588 3040 3651 illud,
3075 3605 3168 3658 per
3193 3591 3392 3657 ipsum,

1822 3683 1891 3738 de
1920 3697 1986 3737 eo
2014 3697 2120 3735 non
2161 3681 2456 3735 ministerii
2491 3695 2682 3747 causa,
2717 3680 2810 3734 sed
2837 3681 3244 3750 cooperationis
3273 3697 3397 3752 gra-

1822 3775 1899 3826 tia
1958 3772 2163 3826 dictum
2216 3786 2379 3838 esse,
2441 3780 2497 3826 et
2557 3786 2627 3826 ne
2669 3770 2802 3840 quid
2862 3786 3047 3826 rerum
3094 3773 3163 3828 ab
3215 3774 3396 3843 ipsius

1824 3864 2184 3918 fabricatione
2238 3863 2592 3926 eximeretur,
2625 3861 2952 3929 adiunctum
2987 3871 3041 3917 et
3085 3862 3223 3918 illud
3264 3881 3279 3917 :
3319 3861 3392 3916 Et

1824 3959 1937 4012 sine
1968 3959 2081 4025 ipso
2110 3955 2311 4022 factum
2343 3963 2422 4008 est
2449 3953 2603 4016 nihil,
2647 3953 2786 4022 quod
2823 3955 3028 4023 factum
3055 3963 3154 4009 est.

1895 4046 2064 4100 Vnus.
2101 4045 2155 4099 4.
2185 4073 2257 4086 -
2293 4043 2355 4098 In
2382 4045 2496 4112 ipso
2526 4045 2635 4098 vita
2658 4053 2793 4098 erat.
2817 4045 3090 4110 Quoniam
3113 4046 3224 4100 vim
3251 4045 3394 4100 vivi-

1825 4138 1980 4192 ﬁcam
2055 4134 2186 4188 facit
2237 4137 2538 4198 scaturire,
2604 4137 2680 4189 ita
2727 4143 2787 4189 ut
2845 4151 2954 4190 non
3008 4136 3187 4190 solum
3242 4137 3394 4190 vivat

1825 4231 1979 4298 ipse,
2041 4244 2227 4284 verum
2293 4230 2454 4283 etiam
2511 4227 2636 4281 aliis
2694 4228 2860 4280 vitam
2921 4235 3163 4296 praestet.
3231 4226 3393 4282 Unde

1826 4322 2076 4390 sequitur
2107 4337 2122 4374 :
2151 4319 2223 4373 Et
2258 4321 2369 4373 sine
2402 4321 2514 4387 ipso
2553 4320 2754 4388 factum
2799 4329 2876 4373 est
2930 4319 3068 4372 nihil
3098 4318 3235 4387 quod
3274 4319 3391 4388 fac-

151 4416 415 4485 Ἐποίησε
433 4416 559 4485 γὰρ,
593 4418 744 4484 φησὶ,
763 4416 830 4468 τὰ
851 4417 997 4477 ὄντα.
1029 4415 1289 4485 πηγάζων
1319 4414 1413 4486 τὴν
1439 4414 1602 4484 ζωὴν,
1630 4416 1715 4466 κα)

1829 4422 1938 4465 tum
1970 4421 2070 4466 est.
2106 4410 2262 4465 Fecit
2286 4411 2456 4474 enim,
2504 4411 2705 4480 inquit,
2744 4413 2948 4473 omnia,
2981 4410 3150 4463 vitam
3193 4424 3392 4480 suppe-

132 4507 200 4561 οὐ
230 4506 471 4574 παράγει
490 4503 646 4572 μόνον
668 4505 856 4571 φύσεις
883 4504 1086 4568 ἁπλῶς,
1119 4503 1253 4556 ἀλλά
1280 4503 1387 4575 γὰρ
1419 4506 1510 4556 καὶ
1544 4503 1722 4567 ζῶσας

133 4615 315 4650 ποιει.

225 4690 384 4742 Ἀντὶ
421 4689 550 4743 τοῦο
604 4690 751 4760 Αὐτὴ
801 4689 980 4758 μέντοι
1013 4690 1046 4758 ἡ
1095 4688 1153 4740 ἐν
1195 4685 1343 4756 αὐτῷ
1389 4685 1617 4756 δύναμις
1658 4688 1720 4742 οὐ

131 4783 434 4846 ζωοποιεῖν
477 4783 634 4852 μόνον
677 4783 855 4852 ἱκανὴ,
895 4779 1031 4832 ἀλλὰ
1061 4779 1154 4833 καὶ
1188 4778 1439 4847 γνώσεως
1481 4777 1720 4848 πληροῦν

128 4873 238 4934 τὰς
275 4873 389 4925 τῶν
420 4871 720 4942 ἀνθρώπων
751 4871 948 4941 ψυχάς.
1091 4909 1098 4916 .

207 4963 370 5032 Στίχ.
405 4969 478 5026 ς’.
508 4993 574 5004 -—
601 4963 987 5033 Μετεληλυθὼς
1017 4962 1090 5031 (6)
1129 4961 1316 5015 λοιπὸν
1343 4961 1436 5013 ἐπὶ
1464 4961 1563 5030 τὴν
1595 4960 1717 5011 ἐπι-

128 5053 378 5121 φάνειαν
404 5052 496 5106 τοῦ
528 5054 677 5119 Υίοῦ,
712 5053 832 5106 τίνα
865 5054 930 5106 ἂν
960 5046 1116 5122 εὗρεν
1141 5052 1312 5122 ἀρχὴν
1346 5051 1557 5121 ἑτέραν,
1585 5050 1618 5120 ἣ
1651 5050 1720 5103 τὰ

124 5143 290 5196 κατά
313 5143 405 5196 τὸν
440 5143 721 5214 ’1ωάννην;
752 5144 866 5211 ’Δφ’
895 5137 954 5197 οὗ
979 5141 1357 5213 γνωρίζεσθαι,
1385 5141 1532 5202 ὅστις
1560 5135 1626 5209 ἦν
1661 5139 1721 5203 ὃς

121 5236 237 5304 τὴν
277 5233 454 5304 ἀρχὴν
487 5233 569 5286 ἑδέ
577 5233 723 5297 ξατο.

211 5409 298 5478 (1)
319 5410 394 5462 Ex
416 5408 674 5463 Vaticana
693 5408 894 5477 Evang.
911 5407 1345 5478 catena_ed.Ang.
1361 5407 1535 5460 Maius
1562 5407 1708 5462 Scr:-

116 5476 286 5549 pto'r.
315 5489 438 5531 reu.
468 5495 599 5549 nova
633 5476 860 5538 collect.,
884 5487 936 5549 t._
956 5478 996 5542 l,
1015 5493 1066 5545 p.
1092 5476 1216 5530 2%.
1251 5479 1427 5549 quipp.
1451 5478 1560 5549 7575
1580 5494 1712 5549 conf

117 5546 271 5605 ferri
306 5550 462 5614 jubet
511 5548 653 5600 hunc
699 5549 873 5600 locum
899 5546 1142 5600 Grzecum
1187 5561 1308 5598 cum
1345 5547 1537 5602 Latino
1566 5548 1707 5614 apud

115 5619 533 5674 Combelisium
570 5616 707 5670 Bibl.
749 5619 1008 5682 conciam,
1035 5617 1077 5682 l,
1114 5631 1165 5686 p.
1194 5615 1318 5677 281.

203 5690 290 5758 (2)
315 5687 484 5742 Cord.
529 5697 631 5740 cat.
666 5703 715 5757 ν.
757 5687 841 5738 t7.

1825 4507 2026 4568 ditans.
2082 4504 2157 4558 ita
2209 4513 2266 4557 ut
2317 4519 2424 4558 non
2474 4512 2704 4558 naturas
2745 4503 3014 4556 duntaxat
3071 4502 3393 4571 simpliciter

1823 4597 2119 4667 producat,
2154 4594 2251 4651 sed
2280 4597 2444 4649 etiam
2481 4596 2740 4650 viviﬁcet.

1897 4687 2172 4753 Quoniam
2206 4687 2398 4742 eadem
2436 4686 2493 4740 in
2530 4686 2649 4755 ipso
2679 4685 2878 4748 virtus,
2905 4698 3015 4737 non
3045 4679 3389 4736 viviﬁcandis

1821 4780 1998 4836 solum
2031 4779 2328 4833 animabus
2353 4777 2659 4839 hominum.
2686 4790 2875 4830 verum
2911 4775 3078 4828 etiam
3118 4774 3267 4826 omni
3295 4786 3389 4825 co-

1820 4870 2068 4939 gnitione
2099 4870 2222 4922 illas
2257 4868 2569 4922 imbuendis
2603 4867 2821 4921 abunde
2847 4865 3076 4920 sufﬁcit.

1890 4961 2053 5016 Vens.
2076 4960 2202 5014 6.-
2222 4961 2489 5015 Caeterum
2521 4959 2589 5013 ad
2610 4958 2734 5012 Filii
2765 4956 3165 5026 apparitionem
3188 4961 3382 5007 trans-

1816 5058 1971 5117 iens,
2033 5055 2292 5134 quidnarn
2359 5050 2510 5104 aliud
2570 5050 2903 5120 principium
2961 5046 3169 5102 invenit
3219 5057 3383 5134 quam

1816 5142 1952 5198 illud
2001 5133 2304 5195 secundum
2348 5137 2652 5192 Joannem?
2710 5135 2863 5190 Unde
2915 5137 3038 5190 licet
3084 5133 3386 5206 intelligere

1815 5234 1942 5303 quis
1969 5233 2041 5288 sit
2072 5232 2165 5302 qui
2207 5230 2538 5300 principium
2573 5229 2803 5298 accepit.

1889 5407 1963 5473 (5)
1995 5405 2062 5459 ν.
2089 5406 2257 5471 δεῖξαι
2293 5406 2344 5458 in
2376 5411 2564 5456 catena
2599 5419 2706 5457 non
2739 5401 2953 5472 legitur.

1889 5477 1964 5546 (4)
1997 5475 2124 5546 Cat.
2151 5491 2202 5542 p.
2239 5475 2322 5539 l6,
2349 5475 2377 5526 ὃ
2410 5473 2645 5546 ἐγένετο.

1888 5543 1963 5617 (5)
1989 5544 2151 5617 Curii.
2183 5554 2290 5598 cat.
2333 5544 2505 5617 p.418,
2537 5543 2624 5599 19.

1891 5612 1966 5685 ’6)
1996 5613 2158 5670 Cord.
2180 5623 2286 5668 cat.
2309 5612 2468 5684 p.21.
