3838 6236
447 233 582 293 “3|

1499 228 1764 286 SYNESII
1797 229 2262 290 PTOLEMAIDIS
2299 232 2602 294 EPISCOPI

3570 239 3711 296 1432

444 363 564 402 mas
593 346 752 403 sedes
783 347 1047 414 invitare;
1087 343 1180 400 sed
1212 325 1356 398 inter
1383 343 1666 413 gregarios
1696 344 1751 397 in
1784 343 2008 413 plebeiis

2116 348 2211 403 ένα
2251 349 2499 420 δέχεσθαι
2533 352 2922 424 θυσιαστηρίῳ,
2974 353 3096 426 μηδ’
3143 357 3222 418 είς
3276 353 3577 425 προεδρίαν
3609 372 3709 408 και

446 437 725 492 subselliis
759 438 1087 506 relinquere,
1122 449 1247 488 cum
1280 435 1568 489 ecclesiam
1594 433 1843 490 adibunt.
1873 432 2009 488 Nam

445 528 610 581 citius
639 527 707 581 ad
749 543 848 582 sua
883 528 1001 580 loca
1038 531 1403 586 revertentur,
1442 525 1489 580 si
1544 524 1773 580 honoris
1805 525 1889 580 sui
1921 525 2013 594 ja-

444 627 654 670 cturam
682 625 950 680 metuant,
977 632 1138 687 quem
1162 630 1359 686 capere
1385 615 1563 669 ubivis
1591 618 1820 679 malunt,
1848 631 2012 685 quam

445 707 542 770 ibi,
577 706 663 760 ubi
690 708 943 762 convenit
969 726 981 762 :
1010 709 1213 761 malent
1255 715 1437 760 autem
1469 707 1580 759 illic
1602 706 1820 770 saltem,
1847 721 2012 776 quam

444 814 714 870 nusquam
737 803 962 856 omnino
996 802 1298 872 percipere.
1329 800 1408 854 Ac
1443 800 1661 870 publice
1689 799 1908 868 quidem
1936 800 2011 852 ita

443 905 582 945 cum
608 891 678 947 iis
713 893 984 961 agendum
1014 893 1142 957 erit,
1191 900 1450 962 tanquam
1502 906 1626 945 cum
1671 892 1934 961 privatis;
1965 891 2009 945 si

443 982 848 1050 angustissimae
892 991 1000 1036 tua:
1039 982 1154 1037 sedi
1206 983 1280 1036 ita
1319 981 1498 1036 visum
1530 979 1712 1035 fuerit.
1749 979 2009 1034 Privatim

446 1086 613 1136 vero,
665 1087 730 1126 ac
777 1072 920 1128 dumi
963 1072 1421 1144 quemadmodum
1463 1073 1542 1126 uti
1597 1073 1666 1128 iis
1711 1071 2008 1142 oportebit,

444 1172 576 1218 tunc
610 1166 876 1229 sciemus,
929 1181 1052 1220 cum
1085 1181 1114 1220 a
1146 1167 1345 1236 pietate
1377 1176 1467 1220 tua
1519 1180 1844 1234 responsum
1877 1164 2013 1217 alla-

442 1262 557 1307 tum
590 1258 695 1310 erit
723 1257 790 1312 de
817 1272 879 1311 ea
913 1257 1238 1324 quaestione,
1263 1272 1428 1326 quam
1469 1272 1644 1327 nuper
1673 1256 1741 1312 de
1765 1256 2006 1310 Alexan-

440 1344 542 1399 dro
567 1347 849 1416 preposui,
871 1351 963 1419 qui
1006 1364 1208 1417 genere
1256 1349 1589 1419 Cyrenensis
1617 1355 1723 1413 est,
1751 1346 2012 1402 Ecclesiae

440 1443 620 1490 autem
647 1437 933 1510 cujusdam
948 1438 1305 1509 Bithynorum
1326 1439 1618 1508 episcOpus
1633 1437 1734 1491 fuit
1754 1457 1767 1492 :
1789 1453 1893 1506 qua
1915 1453 2010 1506 per

439 1527 764 1584 seditionem
807 1530 1020 1599 pulsus,
1072 1545 1198 1584 cum
1244 1527 1426 1584 redire
1469 1529 1631 1582 modo
1686 1529 1920 1583 liberum
1959 1528 2009 1582 ei

437 1619 532 1679 sit.
559 1635 903 1691 nequaquam
931 1622 1258 1688 revertitur;
1289 1621 1383 1677 sed
1416 1619 1559 1690 apud
1610 1633 1713 1673 nos
1760 1632 2008 1672 commo-

2118 438 2232 493 λείν
2250 455 2262 470 ⁶
2299 439 2436 492 ἀλλὰ
2466 443 2726 514 περιορᾷν
2893 443 3165 515 παρορᾷνῖ
3184 444 3474 512 ἀγελαίους
3500 443 3565 494 ὲν
3587 446 3712 505 ταῖς

2119 528 2439 600 δημοτικῶς
2451 532 2760 604 καθέδραις,
2785 535 2913 588 ὅταν
2941 537 3020 598 είς
3039 535 3335 605 ἐκκλησίαν
3364 533 3707 605 ἐμϐάλλωσι.

2119 619 2266 690 Ταχὺ
2292 620 2401 692 γὰρ
2439 621 2505 674 ἂν
2537 622 2898 686 ἐπανέλθοιεν,
2930 624 2978 676 εί
3013 624 3142 695 περὶ
3189 623 3289 691 τῆς
3317 625 3488 692 τιμῆς
3528 621 3707 674 κινδυο

2118 711 2343 777 νεύοιεν,
2377 710 2444 784 ἦς
2473 714 2716 780 ἀξιοῦσιν
2745 715 3034 770 ἀπολαύειν
3058 714 3366 785 ἅπανταχοῦ
3405 713 3632 784 μᾶλλον.
3671 713 3703 781 ἦ

2117 797 2172 855 οἷ
2191 806 2475 875 προσῆκεν
2499 805 2740 870 δέξαιντο
2786 809 2894 878 γὰρ
2924 809 3042 860 ἐκεῖ
3062 806 3176 878 [τῃ.
3219 806 3285 859 ἂν
3315 804 3456 876 ἐκεῖ]
3501 804 3704 874 μᾶλλον

2117 893 2150 965 ἢ
2187 895 2456 967 μηδαμοῦ.
2489 899 2598 950 Καὶ
2638 899 2868 969 δημοσίᾳ
2894 899 3012 969 μὲν,
3042 898 3183 952 οὕτω
3231 896 3588 966 προσοιστέον
3607 896 3702 946 αύ-

2117 989 2248 1050 τοίς,
2278 987 2353 1051 ὡς
2388 989 2644 1060 ἄντικρυς
2676 990 2933 1054 ἰδιώταις,
2955 992 3019 1043 ἂν
3046 991 3137 1044 καὶ
3162 989 3240 1060 τῷ
3265 988 3588 1058 σεμνοτάτῳ
3613 1004 3700 1038 σω

2118 1076 2292 1148 θρόνῳ
2336 1080 2582 1152 συνδοκῇ.
2633 1081 2759 1152 Ίδίᾳ.
2810 1083 2887 1147 δὲ,
2943 1081 3037 1134 καὶ
3072 1082 3189 1135 κατ’
3227 1077 3395 1140 οἷκον,
3438 1077 3703 1144 εἰσόμεθα

2117 1167 2256 1230 πῶς,
2286 1169 2414 1223 ὅταν
2439 1170 2548 1241 ἥκῃ
2581 1170 2732 1241 παρὰ
2774 1172 2873 1241 τῆς
2921 1171 3019 1240 σῆς
3057 1169 3364 1227 θεοσεϐείας
3399 1166 3701 1236 ἀπόκρισις

2116 1258 2330 1330 ἐκείνης
2376 1261 2473 1330 τῆς
2521 1262 2797 1327 πεύσεως,
2856 1262 2922 1334 ἢν
2974 1262 3195 1334 πρώτην
3257 1259 3525 1332 ἠρώτησα
3575 1257 3705 1326 περὶ

2130 1349 2474 1422 Ἀλεξάνδρου
2504 1353 2813 1424 Κυρηναίου
2840 1353 2937 1424 μὲν
2965 1354 3153 1424 ἀνδρὸς
3175 1352 3286 1426 [πο.
3319 1353 3418 1424 μὲν
3429 1353 3494 1405 τὸ
3515 1349 3704 1422 γένος]

2114 1441 2175 1495 τὸ
2208 1443 2380 1510 γένος,
2404 1445 2858 1516 ἱερατευσαμένου
2900 1446 2956 1499 δὲ
2985 1447 3042 1498 ὲν
3075 1446 3180 1498 τινὶ
3214 1444 3364 1496 πόλει
3393 1443 3507 1494 τῶν
3542 1441 3706 1492 Βιθυ-

2116 1533 2222 1586 νῶν
2247 1551 2259 1564 ⁶
2296 1529 2363 1606 ἧς
2397 1534 2646 1588 ἐκπεσὼν
2701 1537 2842 1590 κατὰ
2890 1537 2953 1605 δή
2988 1554 3108 1590 τινα
3149 1536 3355 1596 στάσιν,
3387 1533 3510 1596 ἐξὸν
3537 1535 3707 1585 ἐπαν-

2117 1625 2311 1690 ελθεῖν,
2337 1627 2435 1680 οὐκ
2460 1627 2736 1680 ἐπάνεισιν
2751 1645 2773 1708 ι·
2807 1629 2918 1682 ἀλλ’
2969 1630 3098 1698 ἡμῖν
3137 1625 3512 1697 ἐπιχωριάζει.
3563 1623 3706 1692 Περὶ
3803 1631 3805 1642 ‘

439 1717 618 1762 ratur.
655 1711 728 1766 De
764 1727 828 1765 ea
861 1726 920 1766 re
952 1711 1018 1766 ad
1053 1713 1402 1766 sanctitatem
1436 1720 1582 1764 tuam
1635 1709 1858 1779 scripsi,
1890 1723 2008 1762 om-

2113 1717 2295 1771 τούτου
2321 1719 2572 1790 γέγραφα
2604 1720 2738 1790 πρὸς
2751 1702 2860 1790 ¹τὴν
2891 1720 2988 1789 σὴν
3009 1719 3291 1787 ἀγιὸτητα,
3327 1718 3497 1769 πᾶσιν
3537 1717 3705 1783 ἀκριο

437 1798 526 1853 nia
561 1800 850 1872 diligenter
893 1819 1174 1874 exponens
1197 1819 1316 1873 quae
1345 1803 1420 1857 illi
1446 1802 1802 1866 accidissent,
1824 1811 2006 1856 tuam-

436 1906 546 1961 que
573 1895 904 1949 sententiam
960 1898 1274 1967 requirens,
1301 1910 1413 1965 quo
1469 1896 1523 1949 in
1561 1909 1788 1948 numero
1815 1893 2006 1948 haberi

437 1980 716 2038 hominem
749 1994 1048 2054 oporteret.
1105 1985 1212 2040 Sed
1255 1987 1514 2056 quoniam
1565 1985 1895 2055 rescriptum
1939 1983 2006 2037 ad

438 2087 526 2126 me
562 2073 770 2128 nullum
802 2076 1048 2143 aﬂ‘ertur,
1083 2077 1458 2134 exciderintne
1488 2119 1501 2142 ,
1531 2093 1600 2132 an
1633 2078 1698 2131 ad
1731 2088 1882 2130 tuam
1914 2091 2006 2130 us-

434 2179 544 2231 que
580 2165 970 2224 beatitudinem
1005 2171 1351 2238 pervenerint
1384 2171 1584 2224 littera:
1619 2169 1904 2232 dubitans,
1937 2168 2006 2223 de

433 2269 497 2308 ea
525 2270 584 2312 re
614 2271 738 2312 cum
770 2260 1084 2316 clarissimo
1115 2261 1233 2315 viro
1279 2259 1546 2316 Dioscoro
1595 2259 1855 2329 episcopo
1883 2274 2003 2312 sum

433 2345 783 2414 collocutus,
831 2359 885 2405 et
913 2352 1074 2422 217
1125 2353 1559 2407 amanuensibus
1607 2367 1818 2416 earum,
1864 2365 2004 2420 quas

433 2447 550 2492 tum
583 2441 801 2510 scripsi,
825 2445 1137 2513 exemplum
1168 2444 1297 2499 dare
1322 2443 1489 2514 jussi,
1520 2451 1580 2497 ιιι
1614 2444 1660 2498 si
1695 2444 1839 2499 forte
1862 2459 2002 2497 non-

432 2530 562 2584 dum
612 2533 902 2602 epistolam
950 2537 1251 2606 acceperis,
1301 2552 1368 2591 eo
1405 2538 1652 2606 perlecto
1689 2550 2000 2605 reposcere,

433 2627 488 2676 et
515 2632 734 2680 mutuas
761 2626 827 2681 ad
866 2643 951 2682 me
978 2628 1210 2683 reddere
1253 2628 1456 2698 possis.
1507 2629 1793 2682 Postremo
1833 2627 2001 2682 Deum

435 2726 535 2781 pro
563 2729 650 2770 me
677 2715 997 2785 deprecare.
1039 2717 1174 2771 Nam
1224 2728 1322 2787 pro
1363 2718 1632 2772 destituto
1664 2718 2001 2786 precaberis,

434 2810 598 2872 atque
648 2805 720 2860 ab
767 2807 1022 2862 omnibus
1071 2809 1307 2870 deserto,
1364 2810 1450 2861 cui
1497 2807 1589 2862 tali
1617 2809 1871 2878 praesidio
1919 2817 2004 2865 est

434 2907 608 2962 Opus;
643 2897 904 2964 quoniam
938 2913 1036 2967 pro
1065 2913 1151 2952 me
1174 2899 1290 2968 ipse
1323 2897 1492 2954 Deum
1530 2897 1880 2966 interpellare
1909 2914 2002 2954 vc-

2109 1810 2214 1874 6ὧς
2251 1811 2552 1875 ἐπεξελθὼν
2575 1815 2687 1876 τοῖς
2717 1813 2844 1882 περὶ
2880 1811 3040 1864 αὑτὸν
3062 1811 3389 1879 γενομένοις,
3423 1808 3520 1858 καὶ
3550 1806 3702 1872 ws-

2111 1917 2218 1969 μην
2248 1901 2410 1954 αίτῶν
2443 1900 2498 1955 οἷ
2517 1903 2740 1954 τακτέον
2767 1901 2857 1953 τὸν
2886 1901 3070 1971 ἄνδρα.
3117 1898 3268 1951 Ἐπεὶ
3298 1897 3355 1950 δὲ
3383 1896 3541 1948 οὐδὲν
3567 1896 3698 1964 ἥκει

2110 2014 2199 2066 μοι
2239 1999 2370 2070 περὶ
2397 1998 2598 2051 τούτων
2629 1998 2976 2067 ἀντίγραφον,
3012 1993 3306 2064 ἀμφίϐολος
3330 1990 3429 2052 ὢν,
3463 1990 3699 2058 πότερον

2105 2088 2485 2142 διαπέπτωκεν
2516 2090 2547 2159 ἢ
2594 2088 2912 2158 διεκομίσθη
2957 2087 3022 2140 τὰ
3064 2085 3365 2156 γράμματα
3400 2081 3566 2150 μέχρι
3592 2079 3689 2146 τῆς

2109 2178 2385 2249 μακαρίας
2418 2196 2508 2231 σου
2541 2178 2802 2248 κεφαλῆς,
2833 2176 3136 2247 διείλεγμαι
3167 2173 3295 2244 περὶ
3321 2170 3514 2224 τούτου
3553 2169 3692 2239 πρὸς

2103 2272 2195 2324 τὸν
2223 2269 2533 2341 θαυμαστὸν
2595 2270 2883 2340 Διόσκορον
2930 2269 3021 2320 τὸν
3079 2266 3396 2326 ἐπίσκοπον,
3445 2261 3691 2321 καὶτοῖς

2103 2361 2474 2430 ταχυγράφοις
2495 2360 2563 2414 τά
2595 2361 2861 2413 ἀντίτυπα
2881 2356 3064 2411 δοῦναι
3087 2355 3192 2409 τῶν
3218 2353 3340 2406 τότε
3369 2351 3694 2423 γραφέντων

2104 2452 2362 2517 ὲπέταξα,
2389 2453 2478 2506 ἵνα
2510 2453 2558 2504 εί
2587 2452 2662 2522 μὴ
2710 2452 2991 2520 τυγχάνεις
3017 2447 3307 2517 δεξάμενος
3343 2443 3441 2514 τὴν
3470 2445 3694 2494 ἐπιστο-

2103 2545 2223 2616 λὴν,
2254 2545 2395 2616 ἔχοις
2428 2544 2813 2615 παραναγνοὺς
2843 2541 2959 2613 [ςφ.
2991 2535 3328 2612 παραγνοῦς]
3357 2532 3582 2604 αἱτῆσαί
3605 2547 3690 2588 τε.

2105 2638 2200 2691 κα)⁵
2234 2637 2368 2707 πρὸς
2399 2636 2496 2706 ἐμὲ
2516 2632 2922 2704 διαπέμψασθαι
2950 2630 3020 2684 τὰ
3048 2628 3330 2699 ἀμοιϐαῖα.
3375 2624 3497 2677 Ἐπί
3521 2623 3696 2674 πᾶσιν

2105 2726 2263 2798 εὔχου
2297 2727 2424 2798 περὶ
2451 2725 2619 2796 ὲμοῦο
2673 2725 2800 2795 περὶ
2839 2718 3340 2790 καταλελειμμένου
3384 2715 3496 2784 γὰρ
3532 2711 3690 2783 εὖξῃ.

2105 2820 2200 2872 καὶ
2255 2820 2364 2880 τοῖς
2421 2819 2586 2869 πᾶσιν
2648 2818 2876 2885 ἐρήμου,
2931 2813 3025 2865 καὶ
3075 2809 3327 2880 δεομένου
3369 2803 3693 2875 συνεργείας

2103 2909 2374 2978 τοιαύτης,
2405 2908 2479 2969 ὡς
2525 2906 2684 2968 αὐτὸς
2716 2904 2856 2958 ὀκνῶ
2907 2903 3037 2972 περὶ
3077 2897 3312 2971 ἐμαυτοῦ
3352 2893 3694 2965 φθέγξασθαι

437 2998 582 3036 reor.
616 2983 826 3039 Etenim
873 2987 925 3040 in
958 2990 1298 3043 contrarium
1334 2989 1465 3043 mihi
1513 2990 1698 3042 omnia
1728 2989 1998 3050 recidunt,

2113 3001 2242 3071 πρὸς
2275 2999 2425 3052 Θεόν.
2458 2999 2707 3050 ’Ἂπαντα
2726 2996 2833 3063 γὰρ
2857 2995 2934 3057 εἰς
2958 2989 3264 3046 τούναντίον
3289 3004 3379 3057 μοι
3407 2985 3695 3056 περιίστα-

433 3072 506 3125 ob
537 3072 836 3142 projectum
869 3078 1233 3132 temeritatem
1263 3093 1474 3144 meam;
1506 3079 1650 3147 quod
1680 3078 1842 3153 homo
1879 3093 2004 3147 pec-

434 3161 574 3220 catis
611 3165 878 3234 irretitus,
902 3179 1056 3223 extra
1089 3169 1388 3225 Ecclesiam
1432 3170 1723 3235 educatus,
1759 3169 1866 3222 alio
1919 3168 2005 3222 di~

435 3256 684 3326 sciplina':
709 3274 909 3326 genere
940 3259 1252 3327 institutus,
1289 3261 1355 3315 ad
1393 3261 1565 3316 altare
1611 3260 1706 3315 Dei
1748 3261 2008 3314 accedere

434 3361 544 3402 non
577 3348 963 3406 dubitaverim.

919 3442 1258 3500 EPISTOLA
1295 3443 1528 3499 LXVIII.

1119 3535 1333 3593 Eidem.

506 3622 608 3676 Cui
657 3622 802 3678 hanc
857 3625 1149 3694 epistolam
1194 3627 1481 3691 commisi,
1529 3629 1736 3697 negotii
1784 3627 2005 3698 gerendi

435 3727 603 3768 causa
631 3714 1022 3784 proﬁciscitur,
1053 3717 1226 3788 quod:
1247 3718 1382 3772 mihi
1416 3717 1571 3774 nefas
1603 3727 1687 3774 est
1712 3734 2002 3789 exponere.

2108 3110 2220 3148 ται.
2250 3092 2337 3143 διὰ
2363 3089 2727 3160 ῥιψοκίνδυνον
2755 3088 2978 3156 τόλμαν,
3007 3085 3090 3137 ὃτι
3119 3081 3400 3154 ἄνθρωπος
3427 3081 3488 3131 ἐν
3513 3079 3700 3148 ἁμαρ-

2109 3185 2276 3248 τίαις,
2309 3185 2615 3254 ἀπότροφος
2659 3178 3006 3249 Ἐκκλησίας,
3043 3174 3264 3244 ἀγωγὴν
3304 3173 3500 3243 ἑτέραν
3528 3169 3704 3241 ἠγμέ-

2112 3291 2220 3337 νος,
2248 3270 2645 3341 θυσιαστηρίων
2678 3270 2901 3340 ἡψάμην
2930 3265 3088 3320 Θεοῦ.

2649 3442 2993 3496 ΕΠΙΣΤΟΛΗ
3025 3438 3149 3496 EH’.

2759 3533 2841 3604 Τῷ
2873 3533 3048 3599 αὐτῷ.

2175 3625 2245 3701 ᾮ
2284 3629 2490 3683 δέδωκα
2516 3627 2614 3698 τὴν
2643 3626 2950 3697 ἐπιστολὴν,
2983 3622 3256 3678 στέλλεται
3291 3621 3393 3691 μὲν
3423 3621 3521 3674 ἐπὶ
3551 3623 3701 3692 πρᾶ-

2116 3705 2215 3782 ξιν,
2253 3720 2318 3788 ἢν
2347 3719 2445 3787 οὐχ
2501 3719 2644 3769 ὅσιον
2685 3715 2809 3788 ἐμοὶ
2839 3712 3218 3784 διηγήσασθαι.
3255 3710 3381 3763 Ὅτι
3407 3709 3467 3763 δὲ
3496 3712 3703 3781 ἀρετὴν

1559 3875 1572 3883 ‘
1674 3860 1855 3917 DION.
1898 3861 2170 3916 PETAVII
2211 3861 2441 3916 NOTE.

436 3974 730 4050 concilium
749 3990 873 4050 can.
899 3978 951 4040 4,
972 3976 1160 4044 paucis
1177 3977 1256 4050 ita
1276 3979 1658 4046 complectitur
1681 3978 2021 4050 :[LXXVIII]

439 4041 739 4096 Statuimus
769 4049 930 4098 etiam
961 4041 1025 4109 ,ιιι
1063 4048 1347 4099 secundum
1388 4041 1694 4102 canonicam
1713 4041 2018 4108 ‘cautetam:

439 4128 617 4187 omnes
667 4115 1008 4183 undecunque
1070 4118 1324 4187 venientes
1369 4118 1574 4187 ignotos
1629 4118 1896 4186 episcopos
1945 4119 2022 4171 vel

436 4182 768 4260 presbyteros
788 4225 814 4260 ,_
847 4182 969 4260 ante
989 4182 1711 4260 _probatione_m_'synodalem
1750 4189 1810 4241 in
1855 4187 2020 4242 eccle-

440 4253 716 4306 siasticum
741 4254 1092 4308 ministerium
1117 4271 1220 4308 non
1251 4253 1664 4310 admitteremus.

513 4319 786 4398 Quocirca
820 4324 1106 4398 peregrina
1136 4326 1472 4398 communio,
1503 4327 1718 4395 qualem
1751 4323 2020 4398 Regensis

2120 3995 2239 4034 rum
2269 3980 2650 4049 episcoporum
2669 3979 2808 4031 bona
2834 3978 3200 4049 supprimunt,
3231 3975 3512 4049 sacrilegii
3553 3976 3699 4029 dam-

2119 4045 2322 4103 nantur
2351 4045 2523 4111 :reus,
2554 4045 3028 4118 ittqttit,sacrilegii
3047 4045 3327 4118 prolixiori
3355 4047 3696 4099 anathemate

2117 4120 2416 4182 danmetur,
2455 4129 2504 4171 et
2533 4115 2849 4187 vix'quoque
2872 4115 3146 4186 peregrina
3165 4115 3212 4169 ei
3242 4117 3553 4187 conmunio
3571 4133 3692 4168 con-

2118 4189 2354 4242 cedatur.
2425 4187 2500 4242 Ex
2556 4186 2667 4257 quo
2702 4189 2774 4241 ita
2811 4187 3208 4257 ratiocinantur
3247 4186 3302 4245 ii,
3333 4200 3482 4257 quos
3517 4187 3692 4257 modo

2117 4258 2544 4312 commemoravi
2561 4255 2588 4310 ξ
2610 4272 2734 4311 cum
2783 4256 3144 4310 auathematis
3180 4269 3282 4306 vox
3334 4255 3689 4310 devotionern

2117 4337 2169 4381 et
2199 4329 2524 4382 atrociorem
2559 4327 2851 4396 quamdam
2912 4324 3686 4396 excommunicationis-sen-

441 4391 662 4478 goncilii
689 4391 866 4473 canon
893 4391 983 4478 ille
1011 4393 1301 4462 significat,
1329 4409 1436 4476 non
1469 4391 1634 4478 ertheo
1667 4391 2013 4478 more-'dicta
2045 4396 2091 4453 D
2118 4402 2342 4478 tentiam
2388 4412 2504 4478 prae.
2529 4391 2592 4478 se
2619 4397 2775 4458 lerat,
2814 4410 2922 4477 rion
2944 4395 3117 4478 videri
3170 4393 3470 4474 participes
3519 4392 3694 4448 factos

441 4459 794 4532 derivataque
821 4459 1190 4531 videturfquo
1213 4464 1484 4532 peregrini
1526 4465 1599 4519 illi
1653 4464 1859 4528 clerici,
1916 4466 2010 4532 qui

441 4529 562 4584 sine
591 4529 838 4604 [armatis
869 4532 1064 4604 litteris
1095 4529 1436 4604 advenirent,
1461 4547 1525 4587 ac
1553 4535 1621 4589 de
1645 4549 1875 4604 quorum
1901 4529 2013 4588 sta-

440 4605 500 4672 tt_t
528 4602 612 4653 vel
643 4601 787 4672 juris
811 4602 1121 4672 integritate
1147 4602 1384 4672 dubitari
1421 4601 1678 4669 poteratf
1699 4604 1768 4657 ab
1797 4604 2012 4672 episco-

482 4669 528 4742 ξε
549 4669 973 4742 ινοειιιιιειηιιιιίι
1023 4670 1118 4742 sed
1153 4669 1277 4742 inde
1309 4672 1488 4742 potius
1550 4673 1694 4742 quod
1748 4673 1802 4726 in
1832 4669 2008 4726 aliena

489 4739 688 4809 cclesia
709 4740 977 4809 peregrini
999 4740 1240 4808 episcopi
1273 4741 1354 4794 vel
1389 4739 1582 4796 clerici
1606 4744 1813 4796 nullum
1849 4742 2013 4795 mini-

445 4808 596 4862 sterii
631 4823 695 4862 ac
726 4808 1021 4864 functionis
1051 4809 1230 4863 ordini
1267 4825 1370 4864 suo
1396 4820 1776 4867 consentaneae
1803 4812 2012 4868 obeun-

445 4876 528 4931 da:
562 4878 654 4946 jus
690 4878 948 4938 habeant.
1010 4880 1228 4933 tametsi
1273 4880 1342 4934 ab
1387 4895 1574 4934 earum
1609 4882 1913 4946 civitatum,
1955 4883 2010 4935 in

443 4946 641 5018 quibus
667 4949 1178 5018 peregrinabantur,
1211 4949 1482 5018 episcopis
1514 4951 1901 5005 adhiberentur
1943 4951 2010 5004 ad

444 5015 535 5068 illa
561 5015 884 5089 praestanda.
920 5016 1024 5089 Sed
1058 5033 1121 5070 ex
1149 5032 1214 5089 eo
1242 5015 1483 5087 praecise,
1513 5021 1659 5089 quod
1717 5021 1834 5075 suis
1875 5021 2010 5075 Iocis

443 5087 672 5153 egressi,
706 5101 808 5160 usu
843 5087 1054 5160 ordinis
1081 5087 1188 5160 sui
1247 5087 1673 5160 careantpinde
1726 5093 2009 5160 peregrina

444 5155 778 5229 communio,
817 5173 938 5229 qua:
965 5158 1182 5225 quidem
1223 5159 1456 5227 poenalis
1481 5155 1604 5218 fuit.
1634 5155 1902 5229 appellata
1928 5161 2007 5211 vi-

444 5222 622 5302 detur,
653 5222 1080 5302 qua,__simi_liter
1141 5241 1204 5279 ac
1224 5222 1542 5302 "peregrini,
1589 5222 2010 5285 in'civitatibus

446 5293 562 5346 suis
587 5293 678 5358 jus
701 5296 910 5349 nullum
943 5297 1205 5350 baberent
1233 5293 1547 5352 exercendi.

515 5360 881 5434 Quamobrem
901 5367 1183 5434 peregrina
1211 5369 1591 5423 communione
1631 5369 1910 5431 multatos,
1941 5368 2010 5422 al)

443 5427 728 5508 Dominieo
763 5427 994 5508 corpore
1023 5427 1304 5508 abstentos
1335 5435 1506 5508 fuisse
1540 5453 1646 5508 non
1683 5427 2005 5508 puto;quod

444 5501 725 5578 nonnullis
772 5501 1080 5578 est'visum.
1137 5505 1294 5558 Aliud
1337 5507 1480 5578 enim
1533 5501 1794 5577 Regeitsis
1830 5501 2006 5560 canon

447 5567 540 5646 ille
574 5570 903 5646 persuadet.
954 5570 1063 5646 Nec
1089 5581 1174 5627 est
1230 5575 1374 5646 quod
1416 5567 1742 5646 quemquam
1795 5585 2008 5631 moveat

449 5631 737 5694 Ilerdcnsis
769 5655 943 5696 canon
974 5642 1060 5706 I6,
1091 5659 1201 5712 quo
1240 5631 1536 5698 clerici'illi
1597 5631 1688 5714 qui
1723 5648 2007 5703 defuncto-

2115 4483 2236 4521 esse
2296 4463 2557 4519 Dominici
2618 4466 2885 4535 corporis,
2943 4464 3147 4533 quibus
3191 4463 3486 4535 peregrina
3541 4479 3696 4517 com-

2113 4537 2300 4588 munio
2350 4536 2422 4590 sit
2476 4533 2732 4589 inﬂictaﬁ
2770 4533 2969 4589 Verum
3025 4547 3149 4586 cum
3212 4547 3280 4585 ne
3344 4533 3526 4586 ullum
3580 4535 3697 4602 qui-

2109 4603 2231 4660 dem
2290 4606 2649 4660 humanitatis
2709 4605 2945 4659 ollicium
3019 4603 3294 4659 damnatis
3367 4602 3694 4655 anathema-

2113 4685 2185 4736 te,
2260 4676 2363 4729 hoc
2420 4685 2526 4736 est,
2556 4677 2746 4728 ultima
2821 4675 2910 4728 illa
2945 4673 3332 4727 exsecratione
3379 4674 3689 4740 permulsis,

2111 4745 2180 4798 ab
2211 4743 2451 4798 Ecclesia
2497 4745 2722 4814 praeberi
2775 4744 2998 4799 solitum
3026 4742 3243 4814 fuerit,
3284 4743 3692 4814 quautandem

2110 4815 2325 4868 ratione
2369 4810 2707 4884 peregrinam
2760 4813 3221 4884 communionem_
3250 4813 3330 4884 sic
3371 4810 3447 4884 illi
3469 4813 3696 4884 descri-

2110 4884 2267 4943 bunt.
2297 4880 2467 4952 utqui
2495 4880 2546 4937 i'n
2569 4899 2688 4937 eam
2720 4885 2924 4937 redacti
2951 4891 3155 4946 essent,
3183 4880 3442 4952 Ecclesia:
3466 4881 3693 4936 interim

2111 4951 2424 5022 sumptibus
2486 4954 2802 5008 alerentur?
2851 4954 3022 5022 lgitttr
3069 4951 3427 5022 anathemati:
3492 4966 3694 5004 nomen

2110 5022 2220 5077 late
2242 5019 2305 5076 ac
2337 5023 2518 5078 minus
2548 5026 2765 5093 proprie
2791 5023 2860 5076 ab
2878 5019 3139 5093 Ilerdensi
3169 5019 3380 5091 synodo
3407 5031 3697 5089 sumptum

2111 5100 2364 5161 apparet,
2423 5090 2767 5161 pro‘qu’avis
2823 5090 3576 5161 ecclesiastica’pmna,iet,
3639 5099 3699 5161 ut

2107 5160 2348 5222 voeant,
2389 5160 2607 5216 censura
2633 5203 2647 5225 ,
2689 5179 2798 5232 qua
2841 5170 3118 5229 utcunque
3145 5162 3247 5232 .jus
3292 5160 3462 5232 alicui
3508 5161 3609 5232 ⁸νει
3641 5160 3695 5212 in

2109 5238 2282 5285 totum
2307 5232 2538 5301 eripitur
2559 5229 2946 5288 ecclesiasticae
2971 5230 3404 5293 communionis,
3433 5229 3528 5282 vel
3547 5238 3697 5301 certe

2111 5298 2408 5355 minuitur.—
2426 5299 2892 5366 Quemadmodum
2923 5308 2977 5356 et
3010 5301 3124 5364 ipsa
3154 5316 3258 5356 vox
3303 5298 3696 5354 excommuni-

2108 5373 2344 5426 cationis
2375 5372 2445 5424 ab
2469 5373 2775 5441 Augustino
2806 5371 2969 5440 epist.
3021 5371 3124 5424 “8
3145 5371 3388 5441 aliisque
3430 5384 3694 5441 nonnun-

2108 5455 2272 5508 quam
2296 5440 2580 5509 accipitur,
2619 5450 2677 5493 ut
2702 5443 2872 5494 solam
2905 5441 2974 5495 ab
3005 5456 3104 5494 ttsu
3137 5440 3409 5494 Dominici
3436 5440 3694 5509 corporis

2110 5508 2540 5581 segregatiouem
2585 5512 2887 5581 signiticet;
2945 5525 3054 5564 non
3115 5509 3380 5576 majorem
3425 5510 3584 5581 illam
3616 5508 3695 5581 ⁸ιιι)

2107 5579 2311 5634 Clu-isti
2345 5595 2580 5650 corpore
2620 5577 2676 5635 et
2708 5581 2965 5635 Ecclesia:
2998 5581 3395 5650 communione
3420 5621 3436 5642 ,
3475 5577 3570 5632 cui
3597 5577 3694 5632 de-

2112 5648 2480 5707 monstranda:
2509 5651 2832 5708 vocabulum
2864 5649 3010 5707 istud
3042 5649 3243 5714 sapius
3274 5648 3596 5704 adhibetur.

3785 80 3806 396 Ι
