3838 6236
179 261 325 321 Ηὗό

1327 264 1706 325 EPISTOLA‘J.
1748 297 1816 309 —
1856 265 2069 324 EPIST.
2110 266 2321 323 LXXII.

3290 268 3436 325 1454

183 386 247 438 ὲκ
272 386 396 449 νέας
424 387 601 449 ἀσκεῖ,
636 386 793 440 τοῦτο
819 387 913 440 καὶ
943 386 1099 458 θέμις
1124 388 1316 454 εἰπεῖν,
1340 390 1435 444 καὶ
1473 390 1757 443 παντάπαο

1874 389 2326 456 Quemadmodum
2382 402 2514 443 rcro
2552 388 2812 444 virtutem
2855 387 2967 457 jam
2998 404 3028 443 a
3063 387 3237 458 prima
3273 395 3436 443 aetate

187 493 270 529 σιν
298 476 513 544 ἀληθές.
550 476 635 539 Ὠς
676 478 772 547 μὲν
804 474 897 531 οὖν
923 477 1125 545 ἀγαθὸν
1153 478 1319 549 ἄνδρα
1342 518 1358 542 ,
1385 481 1634 550 τιμήσεις
1652 497 1666 510 '
1692 481 1759 552 ἦν

185 564 241 616 δὲ
276 564 553 633 ἐγράψατο
586 566 821 635 γραφὴν,
849 566 1052 618 οἰκείαν
1078 567 1420 637 εἱμαρμένην
1448 568 1755 639 πληρούτω.

185 655 333 725 Μηδὲ
367 656 472 726 γὰρ
504 656 710 709 δικαίου
744 658 870 711 ποτὲ
916 658 1076 726 φόνου
1109 657 1426 727 προσάψοιο.

712 882 1059 935 ΕΠΙΣΤΟΛΗ
1097 880 1214 936 ΞΘ.

813 971 899 1035 Τῷ
931 970 1109 1035 αὐτῷ.

258 1061 423 1117 Μέλει
447 1062 555 1131 γάρ
586 1080 689 1123 σοι,
718 1062 869 1132 μέλει
897 1062 990 1114 καὶ
1018 1061 1419 1124 Πενταπόλεως.
1439 1060 1648 1114 Οὐκοῦν
1676 1062 1761 1113 ὲν-

185 1154 349 1225 τεύξῃ
382 1155 478 1224 μὲν
502 1157 621 1216 ταῖς
667 1153 950 1223 δημοσίαις
987 1153 1311 1214 ἐπιστολαῖς.
1353 1152 1474 1204 Ὅτι
1522 1151 1580 1205 δὲ
1619 1151 1762 1205 κακὰ

186 1245 354 1297 πλείω
372 1245 467 1296 καὶ
499 1244 668 1312 μείζω
705 1242 947 1312 γέγονεν,
974 1242 1006 1313 ἦ
1036 1242 1193 1310 φοϐεῖ
1225 1240 1291 1294 τά
1324 1241 1650 1312 γράμματα,
1672 1239 1762 1291 λέ-

185 1352 374 1403 γοντος
406 1335 613 1407 ἀκούσῃ
654 1333 746 1387 τοῦ
796 1332 1166 1404 διακοξιιστοῦ.
1204 1332 1488 1386 Στέλλεται
1520 1332 1616 1401 μὲν
1655 1329 1762 1400 γὰρ

185 1429 280 1481 ἐπὶ
336 1428 687 1497 συμμαχίαν,
733 1427 809 1488 ὡς
864 1426 1070 1479 ἐκεῖθεν
1118 1425 1377 1494 αἰτήσων.
1431 1423 1511 1476 Τά
1551 1423 1608 1475 δὲ
1656 1421 1764 1474 τῶν

185 1521 459 1590 πολεμίων
508 1520 625 1573 οὐδὲ
672 1519 768 1590 τὴν
801 1519 976 1585 ἔξοδον
1003 1518 1169 1572 αὐτοῦ
1218 1519 1563 1587 περιέμεινεν
1593 1534 1607 1546 ·
1648 1514 1764 1568 ἀλλ’

184 1612 425 1681 ἔφθασαν
458 1611 780 1681 ἐκχυθέντες
822 1611 1016 1680 ἁθρόον
1055 1608 1193 1662 κατὰ
1223 1610 1320 1679 τῆς
1342 1607 1544 1677 χώρας.
1581 1606 1764 1660 Πάντα

182 1702 390 1770 οἴχεται
416 1717 430 1730 ’
473 1701 649 1753 πάντα
692 1700 993 1771 ἀνῄρηται·
1032 1700 1089 1751 αἱ
1122 1699 1304 1760 πόλεις
1349 1697 1428 1749 ἔτι
1475 1696 1678 1761 λοιπαὶ,
1705 1696 1764 1748 τὸ

189 1792 381 1861 μέχρις
419 1786 481 1844 οὗ
528 1791 746 1861 γράφω,
781 1790 1003 1843 λοιπαί·
1039 1790 1100 1842 τὸ
1127 1790 1183 1841 δὲ
1211 1791 1291 1851 είς
1330 1789 1430 1859 τὴν
1483 1786 1763 1850 ἐπιοῦσαν,

184 1883 319 1945 Θεὸς
351 1879 479 1936 οἵδε.
522 1884 663 1953 Πρὸς
706 1883 878 1936 ταῦτα
927 1881 1100 1952 εὐχῶν
1131 1882 1212 1933 δεῖ
1264 1880 1371 1933 τῶν
1407 1879 1537 1940 σῶν,
1588 1878 1766 1949 εὐχῶν

185 1974 331 2040 λέγω
376 1973 486 2026 τῶν
516 1974 719 2027 ὲθάδων
763 1974 1030 2025 δυσωπεῖν
1059 1972 1149 2024 τὸν
1175 1971 1327 2025 Θεόν.
1373 1971 1461 2033 Ὠς
1492 1970 1602 2039 ἐγὼ
1636 1970 1765 2022 πολε

184 2067 343 2128 λάκις
374 2067 471 2139 ῆδη
527 2069 621 2121 καὶ
665 2068 734 2120 τὰ
779 2068 916 2128 ἴδια,
948 2069 1040 2120 καὶ
1086 2067 1155 2120 τὰ
1197 2066 1350 2119 κοινὰ
1383 2065 1559 2135 μάτην
1599 2061 1766 2135 ηὐξά-

189 2177 317 2230 μην.
367 2160 431 2212 Τί
489 2160 629 2229 λέγω
691 2162 904 2231 μάτην;
964 2161 1057 2222 El;
1106 2157 1414 2213 τούναντίον
1467 2174 1555 2226 μοι
1608 2172 1765 2224 περι-

190 2251 427 2304 ίσταται.
479 2251 729 2305 Τοιοῦτόν
762 2253 899 2322 ε-ίσιν
944 2254 1000 2305 αί
1039 2251 1304 2324 ἁμαρτίαι
1335 2248 1546 2321 βαρεῖαί
1584 2264 1644 2300 τε
1672 2246 1766 2300 καὶ

187 2344 404 2397 πολλαί.

754 2573 1098 2625 ΕΠΙΣΤΟΛΗ
1128 2571 1206 2626 0'.

853 2664 1123 2731 Πρόκλῳ.

260 2754 499 2826 Πέρυσιν
526 2754 624 2825 οὐχ
651 2754 774 2825 ῆκει
809 2771 898 2824 μοι
943 2754 1249 2824 γράμματα
1282 2754 1432 2823 παρὰ
1481 2751 1578 2821 τῆς
1618 2750 1769 2820 ίερᾶς

190 2863 287 2899 σου
330 2847 530 2917 χειρός.
585 2845 891 2918 Ἠρίθμησα
933 2847 1026 2899 καὶ
1078 2844 1235 2898 τοῦτο
1271 2844 1407 2914 μετὰ
1435 2844 1543 2895 τῶν
1575 2859 1766 2895 συντυ-

190 2939 392 3008 χόντων
422 2956 511 3009 μοι
534 2939 654 2991 κατ’
690 2939 866 2990 ἐκεῖνο
896 2936 1088 3006 καιροῦ
1115 2935 1409 3005 δυσχερῶν.
1440 2933 1613 2986 Πολλὰ
1660 2931 1767 3001 γὰρ

190 3029 284 3080 ἐπὶ
316 3027 525 3080 πολλῶν
555 3026 666 3096 ἐγὼ
711 3026 936 3097 πέρυσιν
983 3026 1212 3095 ἠνιάθην
1233 3042 1246 3056 ’
1284 3024 1419 3077 ἀλλὰ
1450 3021 1766 3091 καὶὸτῆτες

188 3117 420 3188 χειμὼν,
454 3119 481 3171 ὃ
509 3118 558 3170 τί
591 3135 681 3187 μοι
713 3117 899 3170 λοιπὸν
921 3112 988 3185 ἦν
1010 3118 1089 3179 είς
1109 3117 1207 3186 τὴν
1227 3114 1586 3185 ψυχαγωγίαν
1615 3114 1716 3180 ἀφε

187 3210 312 3261 λετο
342 3209 402 3261 τὸ
453 3209 659 3261 παιδίον
700 3207 810 3279 [ῃο.
860 3206 1190 3278 παιδάριον].
1231 3208 1473 3277 Εῖμαρτο
1499 3205 1606 3274 γὰρ
1637 3205 1764 3273 ἄρα,

190 3302 404 3354 συνόντι
435 3301 532 3371 μὲν
569 3302 716 3369 ὑμῖν,
752 3302 1029 3370 εὐτυχεῖν·
1064 3298 1256 3353 ἀπόντι
1279 3294 1611 3367 δὲ,χαλεποῦ
1649 3311 1768 3347 πει-

192 3392 388 3462 ρίσθαι
429 3392 523 3445 τοῦ
556 3392 827 3461 δαίμονος.
854 3390 1094 3444 Γενέσθω
1126 3390 1190 3458 δή
1235 3406 1317 3452 τις
1344 3385 1686 3458 παραμυθία,
1708 3384 1768 3438 τὸ

185 3482 443 3546 δέξασθαι
486 3483 587 3552 τῆς
631 3482 903 3553 πατρικῆς
946 3498 1039 3532 σου
1072 3479 1315 3548 κεφαλῆς
1356 3478 1677 3548 γράμματα,
1704 3473 1768 3527 τὸ

185 3572 620 3642 τιμαλφέστατον
654 3572 763 3627 τῶν
790 3571 895 3625 ἀπὺ
917 3571 1136 3641 Θρᾴκης
1168 3568 1465 3638 ἀγώγιμον.

720 3865 1069 3919 ΕΠΙΣΤΟΛΗ
1109 3864 1233 3917 ΟΑ’.

790 3958 845 4007 Π
847 3974 878 4007 υ
889 3954 1165 4021 λαιμένει.

259 4068 433 4121 Διττοὶ
476 4067 623 4134 λόγοι
653 4066 765 4138 [γεο.
801 4066 863 4137 δὴ
887 4066 1027 4136 λόγ.]
1071 4066 1316 4135 λέγονται
1346 4065 1473 4134 περὶ
1501 4063 1615 4117 σοῦ.
1646 4065 1768 4117 Τοι-

180 4160 390 4229 γαροῦν
417 4158 552 4228 ὁμοῦ
588 4158 685 4227 μὲν
715 4158 808 4210 ἐπὶ
834 4158 1076 4229 Θρᾴκης,
1113 4156 1247 4227 ὁμοῦ
1274 4157 1330 4209 δὲ
1378 4158 1457 4219 εἰς
1493 4156 1769 4227 Ίσαύρους

183 4247 405 4316 γράφω,
443 4245 538 4297 τοῦ
596 4248 906 4315 περιτυχεῖν
946 4261 1004 4297 σε
1036 4245 1253 4307 πάντως
1282 4245 1382 4314 μιᾷ
1421 4244 1483 4311 γὲ
1514 4261 1620 4297 τινι
1658 4243 1767 4297 τῶν

182 4335 504 4388 ἐπιστολῶν.
570 4334 856 4396 ’Υπόθεσις
891 4334 948 4386 δὲ
1004 4334 1238 4402 ἀμφοῖν,
1275 4332 1624 4385 ἀσπάσασθαι
1669 4332 1767 4403 τὴν

184 4428 452 4497 φιλτάτην
486 4427 746 4497 κεφαλὴν,
786 4426 1098 4497 Πυλαιμένη
1129 4427 1222 4478 τὸν
1260 4425 1565 4495 φιλόσοφον.
1596 4425 1768 4477 Τοῦτο
1800 4407 1840 4460 D

182 4519 300 4586 γάρ
333 4519 448 4569 ἔστι
507 4518 607 4570 κᾶν
652 4516 926 4585 βούληται,
958 4515 1060 4568 κᾶν
1104 4515 1178 4585 μὴ
1216 4513 1490 4584 βούληται.
1525 4514 1599 4565 Οὐ
1653 4513 1763 4584 γὰρ

188 4610 401 4679 μήποτε
440 4607 740 4678 κατισχύσῃ
773 4607 885 4678 [γρ.
917 4604 1284 4676 κατισχύσειε]
1312 4605 1404 4658 τοῦ
1439 4605 1767 4672 πεφυκότος,

182 4698 299 4753 οὐδ’
346 4700 406 4752 οὐ
445 4700 518 4768 μὴ
576 4699 745 4771 σὸἐσῃ
782 4700 872 4751 τὸν
929 4698 1200 4767 σπινθῆρα
1231 4697 1325 4750 τοῦ
1369 4695 1513 4749 θείου
1547 4695 1718 4765 πυρός
1751 4711 1765 4726 ⁶

183 4791 309 4845 ἀλλ’
341 4791 533 4859 ἀνάψει
585 4791 731 4849 ποτὲ,
764 4791 863 4861 τῆς
913 4788 1192 4861 μοχθηρᾶς
1241 4788 1463 4858 ἀγωγῆς
1515 4786 1769 4857 ὑπεράνω

181 4881 498 4951 γενόμενος.

717 4992 1058 5046 ΕΠΙΣΤΟΛΗ
1112 4992 1231 5046 OB'.

655 5085 783 5150 Τοῖς
819 5085 1173 5148 ἐπισκόποις
1200 5083 1296 5152 (8).

272 5176 606 5246 Ἀνδρόνικος
632 5177 731 5245 τὴν
772 5173 1097 5244 Ἐκκλησίαν
1114 5173 1452 5243 ψευσάμενος
1473 5171 1767 5242 ἁληθευού-

181 5286 291 5340 σης
330 5270 492 5338 αὐτῆς
549 5267 881 5340 πειραθήτω.
914 5264 1144 5337 Πρώην,
1192 5263 1344 5318 οὔπω
1378 5264 1519 5317 πάνυ
1551 5263 1764 5334 πρώην,

1726 3079 1836 3165 ίᾸο

1863 483 2128 546 coluerit,
2160 491 2214 538 et
2250 483 2396 535 dictu
2430 479 2513 535 l‘as
2543 492 2650 543 est,
2681 487 2735 535 et
2768 481 3132 535 verissimum.
3170 479 3336 550 Igitur
3373 475 3436 531 tu

1862 590 2011 635 eum,
2044 572 2272 643 perinde
2302 587 2367 626 ac
2396 573 2574 626 virum
2616 573 2848 643 probum
2910 571 3240 637 honorabis;
3271 585 3434 639 quam

1864 681 1995 719 vero
2019 666 2424 720 accusationem
2450 664 2713 733 suscepit,
2738 678 2800 716 ea
2819 661 2989 715 fatum
3012 677 3172 717 suum
3197 662 3434 729 expleat.

1864 756 2151 826 Nunquam
2182 756 2327 811 enim
2345 754 2701 826 quantumvis
2719 754 2924 824 justam
2951 768 3139 808 necem
3163 751 3436 823 attigeris.

2380 890 2711 946 EPISTULA
2744 889 2927 943 LXIX.

2558 982 2763 1037 Eidem.

1936 1077 2032 1133 Est
2080 1092 2210 1131 vero
2258 1075 2356 1130 tibi
2410 1091 2557 1130 cura:
2614 1073 2968 1144 Pentapolis,
3032 1082 3117 1127 est
3166 1070 3434 1142 profecto.

1867 1169 2135 1235 Quocirca
2172 1169 2420 1238 publicas
2453 1166 2664 1221 litteras
2694 1166 2860 1233 leges.
2897 1163 3003 1219 Sed
3041 1164 3199 1234 plura
3228 1173 3281 1219 et
3314 1178 3438 1233 gra-

1865 1260 2019 1313 viora
2052 1258 2317 1313 incidisse
2343 1257 2507 1321 mala,
2542 1271 2704 1326 quam
2735 1270 2968 1325 quorum
3003 1265 3204 1309 metum
3243 1256 3440 1309 litterae

1867 1350 2215 1415 denuntiant,
2246 1348 2313 1404 de
2340 1364 2406 1404 eo
2433 1361 2753 1417 cognosces,
2787 1349 2880 1417 qui
2911 1348 3036 1402 illas
3078 1346 3293 1401 detulit.
3338 1344 3441 1400 Hic

1868 1441 2015 1494 enim
2053 1440 2241 1494 auxilii
2268 1439 2394 1493 inde
2419 1438 2731 1508 postulandi
2772 1438 2947 1510 gratia
2989 1438 3270 1509 profectus
3332 1446 3437 1491 est.

1868 1531 1939 1584 At
1967 1530 2157 1586 hostes
2182 1545 2252 1584 uc
2278 1528 2585 1599 digressum
2610 1528 2829 1598 quidem
2856 1528 3004 1583 illius
3028 1532 3438 1596 exspectarunt,

1870 1619 1964 1675 sed
1996 1619 2147 1689 prius
2182 1627 2404 1688 repente
2434 1625 2544 1671 tota
2576 1618 2797 1687 regione
2827 1616 3012 1671 diﬂ‘usi
3062 1622 3209 1670 sunt.
3241 1617 3439 1668 Actum

1868 1709 1938 1764 de
1967 1708 2223 1763 erunibus
2259 1716 2375 1773 est;
2415 1707 2627 1777 periere
2660 1706 2907 1761 funditus
2933 1704 3117 1760 omnia
3151 1704 3319 1759 :sola:
3349 1719 3442 1756 ur-

1867 1800 1965 1854 bes
2009 1799 2189 1854 adhuc
2236 1800 2496 1868 reliquae;
2547 1807 2714 1868 atque
2748 1797 2816 1851 ad
2858 1797 2961 1850 hoc
2992 1810 3167 1864 usque
3201 1802 3437 1862 tempus,

1866 1906 1976 1960 quo
2002 1890 2330 1953 scribimus,
2371 1890 2597 1958 reliquae
2640 1907 2653 1943 :
2703 1887 2836 1958 quid
2882 1886 3133 1956 sequenti
3173 1884 3261 1939 die
3286 1899 3442 1939 creu-

1867 1989 2050 2035 turum
2076 1982 2170 2044 sit,
2201 1982 2355 2035 novit
2387 1981 2548 2035 Deus.
2584 1980 2665 2033 Ad
2704 1980 2819 2034 hac
2853 1980 3109 2049 precibus
3161 1977 3269 2031 tuis
3302 1990 3441 2046 opus

1864 2081 1973 2138 est,
2034 2074 2125 2134 iis,
2163 2074 2410 2142 inquam,
2439 2073 2726 2141 precibus,
2775 2085 2897 2140 qua:
2937 2068 3102 2123 Deum
3138 2068 3355 2122 ﬂectere
3377 2081 3442 2120 ac

1866 2165 2115 2235 mitigare
2161 2164 2362 2220 solent.
2422 2163 2685 2233 Equidem
2728 2163 2931 2233 saepius
2980 2168 3034 2213 et
3083 2159 3334 2229 privatim
3385 2165 3441 2211 et

1867 2256 2081 2325 publice
2109 2255 2313 2310 frustra
2354 2271 2476 2310 sum
2506 2254 2853 2324 deprecatus.
2876 2250 3017 2317 Quid
3045 2249 3248 2304 frustra
3282 2245 3443 2302 dico?

1865 2346 1925 2401 In
1967 2345 2306 2401 contrarium
2364 2344 2495 2397 mihi
2536 2350 2827 2397 vertuntur
2875 2340 3077 2394 omnia.
3114 2337 3187 2391 Ea
3220 2336 3441 2391 demum

1868 2431 2216 2508 peccatorum
2245 2442 2297 2489 et
2327 2434 2575 2504 gravium
2606 2443 2659 2488 et
2695 2433 2993 2486 multorum
3044 2428 3290 2485 conditio
3336 2433 3439 2481 est.

2392 2568 2731 2625 EPISTOLA
2761 2568 2922 2623 LXX.

2551 2661 2769 2716 Proclo.

1936 2754 2112 2810 Nullae
2143 2753 2276 2809 mihi
2331 2752 2619 2823 superiore
2647 2768 2792 2807 anno
2823 2766 2853 2805 a
2883 2765 3038 2806 sacra
3073 2748 3238 2819 218
3280 2762 3443 2802 manu

1871 2856 1961 2901 tua
1995 2847 2174 2899 allata!
2204 2852 2335 2900 sunt
2361 2845 2577 2898 litterae.
2613 2842 2679 2896 Et
2709 2844 2812 2897 hoc
2842 2843 2984 2897 inter
3016 2841 3175 2906 alias,
3206 2855 3328 2912 qua:
3349 2841 3445 2895 illo

1868 2938 1999 2991 mihi
2032 2948 2279 3005 tempore
2316 2935 2592 2996 accidere,
2630 2932 3004 2998 diﬂicultates,
3045 2946 3075 2985 a
3116 2946 3203 2985 me
3234 2938 3317 2984 est
3342 2944 3445 2983 nu-

1870 3036 2161 3081 meratum.
2196 3024 2498 3078 Plurimum
2524 3023 2671 3078 enim
2728 3021 3149 3092 quamplurimis
3178 3023 3232 3074 in
3284 3020 3445 3076 rebus

1868 3131 1967 3185 ego
1993 3115 2282 3184 superiore
2308 3128 2453 3180 anno
2484 3126 2775 3166 maerorem
2803 3113 3012 3180 accepi,
3047 3109 3141 3165 sed
3172 3118 3227 3164 et
3265 3110 3446 3164 hieme

1868 3208 2117 3278 proxima
2150 3205 2244 3275 qui
2278 3220 2420 3259 unus
2454 3203 2521 3257 ad
2558 3203 2811 3257 solatium
2840 3203 3084 3257 restabat
3112 3201 3256 3255 illius
3311 3216 3435 3256 ere-

1868 3307 1996 3369 plus
2030 3304 2135 3351 est.
2183 3295 2301 3349 Hoc
2327 3295 2471 3349 enim
2504 3303 2622 3349 erat
2652 3295 2705 3348 in
2738 3293 2884 3355 fatis,
2909 3301 2967 3346 ut
3000 3292 3238 3363 quandiu
3269 3294 3447 3348 vobis-

1866 3405 1989 3445 cum
2034 3403 2306 3451 versarer,
2357 3386 2500 3440 felici
2549 3386 2603 3440 in
2642 3392 2786 3440 statu
2825 3401 3039 3452 essem;
3089 3384 3287 3439 absens
3316 3399 3446 3439 vero

1866 3480 2150 3536 adversam
2187 3478 2457 3532 fortunam
2489 3478 2785 3547 experirer.
2831 3475 2998 3530 Detur
3048 3475 3206 3539 mihi,
3235 3491 3444 3545 quasso.

1866 3571 2120 3628 solatium
2184 3568 2441 3638 aliquod;
2484 3569 2702 3638 paterni
2751 3576 2811 3622 ut
2849 3568 3046 3637 capitis
3100 3568 3176 3620 tui
3234 3567 3444 3621 litteras

1866 3662 2154 3731 accipiam,
2207 3674 2440 3714 mercem
2516 3660 2796 3723 omnium,
2855 3674 2977 3729 qua:
3019 3659 3367 3713 advehuntur
3414 3672 3445 3711 e

1866 3752 2126 3815 Thracia,
2160 3752 2320 3821 longe
2356 3749 2837 3821 pretiosissimam.

2383 3873 2723 3929 EPISTOLA
2757 3872 2942 3927 LXXI.

2498 3966 2814 4038 Pylwmem'.

1938 4078 2143 4149 Duplex
2197 4077 2264 4133 de
2312 4087 2365 4134 te
2411 4081 2637 4136 nuntius
2682 4080 2926 4136 affertur.
2994 4078 3202 4134 Idcirco
3254 4081 3443 4136 eodem

1868 4178 2108 4238 tempore
2157 4170 2212 4223 in
2267 4168 2559 4224 Thraciam
2606 4178 2660 4226 ct
2706 4172 2763 4225 in
2811 4170 3029 4225 Isauros
3056 4172 3264 4234 scribo,
3302 4172 3444 4225 utin

1870 4276 2007 4314 unas
2031 4262 2225 4315 saltem
2250 4260 2557 4316 litterarum
2588 4262 2821 4317 incidas.
2866 4263 3163 4318 Ambarum
3198 4279 3327 4316 vero
3354 4278 3442 4316 ar—

1870 4359 2186 4421 gumcntum
2236 4360 2343 4417 cst,
2388 4354 2715 4408 charissimo
2758 4354 2889 4407 mihi
2938 4354 3103 4421 capiti
3156 4353 3444 4425 Pylauncni

1871 4443 2197 4512 philosopho
2228 4443 2459 4496 salutem
2484 4444 2772 4513 plurimam
2790 4443 2995 4499 dicere.
3025 4443 3263 4514 Idipsum
3297 4446 3441 4499 enim

1872 4543 1975 4597 est,
2007 4533 2154 4595 velit,
2193 4533 2349 4586 nolit.
2384 4531 2520 4586 Nam
2558 4550 2837 4603 nunquam
2866 4535 3010 4603 quod
3058 4552 3087 4588 a
3131 4545 3325 4589 natura
3363 4535 3447 4588 in-

1871 4624 2038 4679 situm
2082 4632 2168 4677 est
2220 4624 2538 4693 pervincet;
2596 4638 2699 4679 nec
2750 4624 2920 4678 divini
2978 4626 3271 4679 scintillam
3302 4624 3445 4694 ignis

1872 4713 2188 4783 cxstinguet
2216 4731 2230 4775 ς
2268 4715 2363 4769 sed
2396 4714 2689 4785 aliquando
2722 4729 2889 4786 prava
2907 4716 3257 4772 institutione
3283 4729 3446 4785 supe-

1870 4807 1987 4861 rior
2024 4807 2178 4861 illum
2210 4806 2498 4861 excitabit.

2360 4998 2701 5054 EPISTOLA
2745 4997 2957 5053 LXXII.

2463 5089 2733 5159 Episcopi:
2765 5089 2863 5159 (8).

1946 5177 2315 5246 Andronicus,
2350 5181 2440 5251 qui
2491 5181 2787 5238 Ecclesiam
2836 5180 3048 5246 fefellit,
3085 5198 3267 5239 veram
3302 5185 3446 5238 illam

1869 5266 2207 5336 experiatur.
2255 5269 2405 5323 Ilaud
2454 5287 2625 5340 nuper
2673 5270 2966 5326 admodum
3015 5271 3071 5326 iu
3114 5272 3283 5327 Deum
3318 5271 3451 5327 deli-

1421 5440 1607 5499 DION.
1637 5440 1913 5501 PETAVII
1944 5443 2174 5499 NOTAE.

261 5598 337 5663 (8)
372 5596 584 5666 Scripta
620 5597 732 5650 [nec
771 5607 852 5652 ρει
887 5595 952 5649 ad
987 5595 1299 5665 episcopos,
1329 5605 1617 5664 postquam
1649 5597 1761 5650 An-

178 5665 508 5734 dronicus,
548 5666 939 5722 ecclesiastica:
997 5665 1490 5721 animadversionis
1552 5674 1759 5721 terrore

1868 5606 2114 5681 ostenso,
2154 5600 2370 5681 veniam
2415 5602 2504 5661 ille
2531 5605 2748 5677 quidem
2783 5607 3046 5675 obtinuit,
3082 5606 3180 5662 sed
3219 5619 3343 5660 mox
3375 5602 3445 5661 ad

1869 5673 2149 5737 ingenium
2199 5673 2381 5727 rediit.
