3838 6236
430 271 568 328 ιιδε

1526 270 1796 328 εἷΝΕΞΙΙ
1831 269 2297 331 ιντοιειιΑιοιδ
2335 275 2646 334 EPISCOPI

3592 273 3729 327 “36

428 391 546 460 quit
578 408 591 443 :
627 378 1057 447 contumeliosus
1099 389 1155 445 in
1190 389 1440 446 homines
1472 389 1593 444 l'uit.
1627 392 1775 457 Quas
1817 393 1889 447 ob
1931 407 2020 448 res

2147 400 2369 468 ιμαρτεν
2422 398 2502 461 είς
2549 396 2681 450 θεόν
2715 412 2728 425 ·
2760 395 3042 466 ἐξύόρισεν
3088 393 3168 456 είς
3211 390 3555 463 ἀνθρώπους
3581 405 3597 417 ⁸
3644 393 3725 459 ἐφ’

430 490 678 536 nostram
724 482 804 536 illi
848 482 1140 537 ecclesiam
1183 482 1638 544 intercludentes,
1690 484 1903 538 litteras
1944 483 2014 538 ad

2147 485 2201 553 ιῖς
2241 490 2667 553 ἀποκλείσαντες
2706 488 2855 559 αὐτῷ
2901 487 3003 558 τὴν
3039 484 3173 556 παρ’
3213 487 3349 556 ήμῖν
3380 484 3723 554 ἐκκλησίαν,

434 572 826 627 fraternitatem
867 579 1106 626 vestram
1150 571 1495 637 dictavimus,
1530 572 1737 641 quibus
1769 580 2013 627 nostram

432 665 501 720 de
530 665 626 718 illo
663 664 991 721 sententiam
1038 665 1505 735 signiﬁcabamus.
1540 664 1745 719 liarum
1795 666 2017 720 missio-

435 773 559 813 nem
589 760 902 822 antevertit,
945 759 1243 829 supplicem
1276 774 1336 814 se
1374 773 1496 813 esse
1536 759 1767 828 lingens,
1804 765 1859 812 et
1902 771 2017 827 pm-

436 849 721 904 nitentiam
759 850 1103 919 promittens.
1153 865 1320 919 quam
1366 864 1557 904 omnes
1602 847 2016 911 admittendam,

435 954 547 993 uno
578 948 807 1010 excepto
841 956 949 1001 me,
979 949 1337 995 censuerunt.
1380 940 1492 1009 Ego
1545 942 1688 994 enim
1723 954 1885 994 nosse
1922 953 2020 1008 pe-

438 1032 590 1085 nitus
622 1030 895 1085 hominem
943 1030 1187 1093 videbar,
1238 1031 1330 1096 qui
1364 1030 1587 1100 quidvis
1622 1030 1783 1084 facile
1814 1029 2023 1083 diceret

442 1135 508 1175 ac
548 1121 795 1176 faceret:
830 1121 994 1191 idque
1025 1122 1407 1191 exspectabam
1445 1122 1604 1183 adeo,
1656 1137 1720 1175 ac
1761 1121 2024 1191 praedice-

442 1209 590 1274 bam,
630 1211 874 1280 qualibet
925 1212 1077 1266 illum
1118 1212 1188 1267 de
1238 1226 1407 1266 causa
1460 1216 1527 1266 ad
1577 1212 1856 1281 ingenium
1898 1226 2024 1266 esse

444 1301 749 1356 rediturum
798 1321 812 1356 :
860 1318 1021 1373 quem
1068 1303 1253 1358 minus
1298 1301 1561 1357 audacem
1606 1302 1850 1356 futurum
1891 1302 2028 1356 veri-

444 1393 625 1450 simile
657 1393 815 1457 foret,
840 1394 1081 1464 quandiu
1112 1392 1366 1449 ecclesiis
1401 1402 1683 1448 teneretur
1720 1391 2023 1457 obnoxius;

443 1484 619 1539 multo
656 1485 852 1555 magis,
886 1499 1049 1554 quam
1083 1486 1128 1541 si
1155 1485 1290 1539 nihil
1320 1485 1370 1540 ei
1400 1494 1715 1554 suspectum
1749 1484 2029 1552 relinque-

445 1582 620 1631 retur.
663 1574 953 1646 Propterea
1002 1576 1083 1630 sic
1110 1591 1285 1640 eram,
1316 1583 1376 1630 ut
1419 1576 1474 1629 in
1508 1574 1732 1630 decreto
1766 1574 2024 1645 persiste~

444 1684 582 1731 rem,
608 1670 765 1740 quasi
792 1678 848 1724 et
872 1668 1016 1739 quod
1047 1667 1115 1723 ad
1142 1668 1309 1724 Deum
1340 1668 1560 1731 attinet,
1602 1667 1944 1736 religiosius,
1973 1672 2029 1720 et

2122 579 2583 651 ύπηγορεύσαμεν
2648 580 2785 650 πρὸς
2856 578 2957 649 τήν
3022 577 3295 648 ὑμετέραν
3367 576 3724 643 ἀδελφότητα

2122 674 2448 743 γράμματα,
2482 671 2582 741 τὴν
2616 673 2702 724 ἐπ’
2737 670 2883 741 αὐτῷ
2913 669 3138 739 γνώμην
3161 667 3459 739 μηνύοντα.
3500 666 3723 720 Τούτων

2123 763 2325 832 ἔφθασε
2352 765 2450 833 τὴν
2476 762 2778 830 ἀποστολὴν
2812 760 2923 833 [γρ.
2965 758 3221 830 ἐπιστο.],
3257 759 3508 813 ἱκετείαν
3547 774 3721 827 προσο

2124 854 2520 925 ποιησάμενος,
2559 854 2650 907 καὶ
2684 853 2969 923 μετάνοιαν
2999 852 3366 922 ὑποσχόμενος
3389 893 3406 917 ,
3441 854 3522 921 ἣν
3551 853 3723 905 ᾶπαν-

2124 958 2215 1003 τες
2245 940 2429 1010 ἠξίουν
2453 958 2519 1011 με
2537 940 2808 1011 δέχεσθαι,
2831 940 2971 1010 πλὴν
3000 940 3151 1011 ἐμοῦ.
3180 941 3320 1009 Ἐγὼ
3346 940 3463 1012 γὰρ
3500 942 3725 994 ἐδόκουν

2129 1030 2316 1099 σαφῶς
2348 1030 2799 1101 κατανενοηκέναι
2827 1032 2920 1084 τὸν
2953 1032 3260 1102 ἄνθρωπον,
3294 1033 3485 1087 πάντα
3543 1032 3724 1103 ῥᾴδιον

2128 1124 2303 1176 εἰπεῖν
2333 1123 2427 1176 καὶ
2456 1126 2678 1195 ποιῆσαι
2699 1124 2821 1176 ⁸καὶ
2839 1123 3241 1195 προσεδεχόμην
3266 1140 3347 1185 τε,
3368 1123 3469 1175 καὶ
3498 1121 3727 1193 προύλε-

2130 1231 2243 1282 γον,
2284 1214 2359 1277 ὡς
2396 1216 2461 1267 ἐκ
2491 1215 2588 1285 τῆς
2617 1214 2885 1284 τυχούσης
2925 1215 3105 1277 αίτίας
3153 1217 3233 1278 είς
3276 1216 3377 1285 τὴν
3410 1214 3594 1283 φύσιν
3639 1218 3734 1265 ἐπ-

2130 1304 2477 1359 ανελεύσεται
2504 1324 2517 1335 ·
2551 1307 2611 1359 ὃν
2640 1322 2703 1373 γε
2733 1305 2877 1369 είκὸς
2907 1306 3267 1377 ἀτολμότερον
3292 1305 3530 1358 ἔσεσθαι
3562 1321 3737 1375 προσ-

2132 1396 2406 1465 κεκοφότα
2451 1400 2570 1461 ταῖς
2609 1398 2955 1469 Ἐκκλησίαις
3004 1398 3135 1451 πολὺ
3177 1397 3401 1468 μᾶλλον,
3439 1397 3475 1464 ἢ
3515 1399 3573 1450 εί
3632 1414 3739 1465 μη-

2131 1489 2220 1542 δὲν
2263 1488 2500 1543 ὕποπτον
2549 1489 2698 1559 αύτῷ
2735 1490 3104 1543 κατελείπετο.
3145 1490 3245 1542 Διά
3270 1488 3450 1542 ταῦτα
3478 1488 3597 1559 μὲν
3628 1485 3739 1550 οἷος

2131 1576 2200 1649 ἦν
2235 1581 2637 1651 ἐγκαρτερῆσαι
2665 1580 2741 1649 τῷ
2786 1579 3044 1650 δόγματι,
3092 1579 3168 1642 ὡς
3203 1580 3317 1649 ἅμα
3357 1578 3433 1632 τά
3480 1594 3553 1630 τε
3602 1578 3741 1648 προς

2133 1670 2266 1724 Θεὸν
2299 1670 2682 1741 εὐσεϐέστερον
2724 1670 3168 1739 βουλευσάμενος,
3199 1669 3294 1721 καὶ
3322 1668 3393 1721 τά
3422 1667 3578 1737 πρὸς
3610 1668 3741 1728 τοὺς

445 1760 590 1829 quod
632 1761 701 1814 ad
754 1761 905 1816 cives
953 1768 1188 1829 spectat,
1237 1760 1428 1815 utilius
1477 1774 1541 1814 ea
1590 1774 1650 1814 re
1709 1759 2028 1815 consulens.

2147 1762 2356 1825 πολίτας
2388 1761 2829 1833 ὠφελιμώτερον.
2891 1762 3029 1815 Ἀλλ’
3065 1761 3253 1831 ἰταμὸν
3298 1760 3409 1830 γὰρ
3440 1760 3739 1827 ἀντισχεῖν

446 1851 612 1922 219
635 1851 835 1907 Verum
876 1853 1126 1922 pluribus
1177 1866 1345 1905 unum
1395 1851 1683 1913 obsistere,
1727 1849 2028 1919 pervicacis

2147 1852 2227 1904 Eva.
2289 1851 2534 1915 πολλοῖς,
2581 1850 2959 1923 παλαιοτέροις
2992 1850 3253 1920 νεώτερον
3277 1888 3294 1913 ,
3337 1848 3738 1919 προσδεδαπαο

447 1944 618 1998 animi
667 1952 786 2009 est;
844 1943 1160 1998 senioribus
1198 1942 1436 1997 maxime
1482 1942 1797 2012 juniorem;
1853 1940 2031 2009 iisque

2147 1940 2323 2011 rqxdsr.
2372 1941 2464 1994 τὸν
2509 1942 2622 2011 βίον
2665 1942 2933 2013 ἱερωσύνη
2971 1941 3060 1994 τὸν
3088 1938 3241 2018 οθπω
3271 1940 3514 2008 πέρυσιν
3541 1939 3731 2007 ἡμμέ-

451 2037 548 2107 qui
592 2044 810 2091 aetatem
845 2051 999 2090 suam
1027 2036 1080 2089 in
1133 2034 1446 2089 sacerdotio
1485 2033 1878 2097 contriverant,
1905 2046 2030 2086 eum

2147 2046 2221 2083 ρον
2256 2028 2349 2083 τοῦ
2378 2031 2724 2102 πράγματος.
2759 2026 2877 2095 εἶξα
2903 2030 3204 2101 δεομένοις,
3242 2031 3413 2101 μήπω
3440 2029 3729 2099 περιπέμ-

446 2127 544 2196 qui
589 2126 832 2182 nondum
863 2134 993 2179 ante
1027 2125 1171 2197 huqc
1203 2138 1406 2178 annum
1434 2139 1556 2179 eam
1585 2137 1698 2178 rem
1731 2122 2028 2190 attigisset.

2147 2118 2230 2189 ιραι
2269 2118 2339 2172 τά
2386 2119 2723 2189 γράμματα,
2756 2119 3009 2183 δέξασθαι
3047 2118 3104 2171 δὲ
3150 2118 3243 2171 ἐπὶ
3295 2118 3509 2186 ῥητοῖς,
3560 2118 3651 2184 ἐφ’
3685 2110 3725 2182 ᾧ

446 2213 602 2271 Cessi
650 2213 835 2283 itaque
888 2213 1352 2284 deprecantibus,
1407 2222 1468 2266 ut
1521 2212 1762 2267 nomium
1819 2211 2031 2266 litteras

2147 2211 2337 2282 μηκέτι
2367 2214 2615 2283 μανεῖται
2641 2212 2781 2265 κατά
2807 2211 2915 2264 τῶν
2935 2210 3211 2282 ὁμοτίμων
3227 2227 3242 2241 ·
3269 2208 3357 2278 ἐφ’
3374 2204 3422 2275 ᾧ
3439 2208 3575 2261 νοῦν
3606 2210 3722 2261 ἀντὶ

443 2306 749 2370 mitterem,
790 2304 884 2360 sed
924 2320 988 2361 ea
1038 2306 1155 2374 lege
1200 2306 1516 2375 reciperem,
1563 2312 1623 2358 ut
1672 2304 1728 2359 in
1779 2305 2030 2373 ejusdem

2147 2301 2340 2366 πάθους
2365 2301 2458 2355 τοῦ
2502 2302 2616 2372 βίου
2670 2305 3056 2374 προστήσεται.
3086 2301 3205 2354 Κᾶν
3238 2300 3359 2370 μὲν.
3391 2299 3558 2370 ἔφην,
3598 2303 3724 2351 εἵσω

450 2412 639 2454 secum
660 2396 998 2452 conditionis
1031 2396 1280 2452 homines
1306 2411 1413 2449 non
1442 2395 1678 2465 amplius
1710 2394 1946 2457 saeviret,
1975 2400 2034 2448 ut

2147 2394 2305 2465 μένῃς
2330 2392 2436 2445 τῶν
2477 2394 2637 2464 ὅρων,
2677 2392 2772 2456 οὓς
2794 2392 2936 2457 ἔθου,
2963 2390 3057 2444 νῦν
3077 2408 3135 2443 τε
3164 2390 3589 2460 ὑπερευξόμεθά
3634 2406 3723 2440 σου

449 2490 576 2545 vita:
606 2504 722 2546 suae
748 2488 1015 2542 rationem
1052 2502 1151 2557 pro
1188 2487 1602 2558 perturbatione
1627 2485 1822 2541 ducem
1856 2485 2033 2555 praeli-

2147 2486 2233 2555 τῆς
2290 2485 2583 2556 ἁμαρτίας,
2620 2486 2713 2538 καὶ
2738 2485 2831 2538 τοῦ
2861 2482 3048 2537 λοιποῦ
3089 2481 3459 2552 συνευξόμεθα
3480 2498 3493 2513 ·
3525 2482 3728 2534 ἀναδυ-

453 2588 621 2636 ceret.
669 2580 748 2633 Ac
802 2579 847 2633 si
906 2578 1150 2648 quidem,
1210 2578 1441 2643 aiebam,
1494 2578 1637 2632 intra
1692 2593 1789 2632 eos
1836 2578 2035 2633 limites

2147 2576 2361 2647 σαμένῳ
2388 2576 2444 2628 δὲ
2475 2575 2542 2629 τὰ
2593 2577 2690 2646 τῆς
2737 2575 3026 2645 ὁμολογίας
3071 2576 3104 2644 ή
3134 2574 3257 2643 δίκη
3304 2573 3475 2643 μένει.
3508 2575 3609 2625 καὶ
3648 2575 3727 2633 εἰς

453 2686 699 2735 maneas,
745 2684 885 2739 quos
928 2669 1024 2723 tibi
1060 2671 1177 2739 ipse
1223 2668 1480 2738 posuisti,
1533 2684 1643 2722 non
1675 2670 1854 2723 solum
1890 2684 2036 2723 nunc

2147 2666 2357 2719 ἅπαντα
2404 2666 2888 2737 δημοσιευθήσεται
2909 2705 2923 2729 ,
2954 2664 3205 2718 τοσοῦτον
3237 2662 3567 2716 ἀνατεθεῖσα
3602 2664 3726 2732 χρό-

457 2777 557 2832 pro
585 2767 812 2831 peccato
852 2767 945 2812 tuo
989 2757 1433 2827 deprecabimur,
1470 2754 1569 2812 sed
1607 2757 1675 2812 de
1720 2766 1920 2812 castero
1956 2764 2036 2810 te-

2147 2774 2252 2817 vov,
2278 2758 2400 2811 ὅσον
2450 2756 2664 2825 ἐλέγξαι
2721 2774 2815 2810 σου
2856 2756 2947 2809 τὸν
2998 2756 3197 2827 τρόπον
3246 2753 3719 2823 ἀνεπανόρθωτον.

456 2868 581 2908 cum
623 2866 731 2906 una
759 2848 1131 2921 precabimur.
1165 2848 1262 2904 Sin
1292 2849 1647 2918 sponsionem
1686 2848 1836 2902 illam
1872 2847 2035 2902 defu-

2147 2847 2327 2912 Ἔδοξε
2356 2847 2548 2910 ταῦτα,
2585 2848 2680 2900 καὶ
2720 2850 2915 2919 πεῖραν
2950 2847 3112 2910 αὑτός
3149 2864 3210 2899 τε
3241 2846 3345 2917 ἔφη
3366 2844 3589 2908 δώσειν,
3633 2846 3726 2897 καὶ

458 2942 643 3011 geris,
674 2954 835 3010 poena
870 2939 1169 2993 constituta
1202 2948 1476 3005 remanet;
1521 2946 1579 2993 et
1611 2937 1815 3009 ubique
1858 2938 2036 3008 publi-

2147 2939 2285 3009 ἡμᾶς
2326 2938 2612 3009 λήψεσθαι.
2656 2939 2895 3001 Δέδωκε,
2933 2940 3026 2992 καὶ
3057 2938 3379 3009 εἰλήφαμεν.
3426 2938 3725 3006 Ἐπεδαψι-

457 3033 713 3089 cahitur:
750 3038 963 3086 tantum
1008 3030 1176 3085 dilata
1212 3031 1493 3101 temporis,
1533 3042 1802 3101 quantum
1832 3030 1898 3085 ad
1932 3030 2036 3085 hoc

2147 3030 2365 3083 λεύσατο
2430 3032 2547 3095 ταῖς
2595 3030 2884 3083 ὑποθέσεσι
2937 3031 3035 3101 τῆς
3086 3029 3499 3098 ἀποκηρύξεως.
3557 3029 3729 3081 Οὔπω

457 3123 714 3186 sufﬁciat,
744 3129 805 3180 ut
851 3120 1127 3193 ingenium
1161 3130 1313 3175 tuum
1345 3118 1784 3176 emendationem
1830 3120 2036 3174 nullam

459 3214 755 3270 admittere
784 3228 974 3269 omnes
1007 3212 1335 3283 intelligant.
1378 3212 1453 3265 Ita
1486 3211 1607 3266 ﬁeri
1634 3212 1862 3282 placuit.
1890 3212 2040 3281 ejus-

458 3320 567 3373 que
614 3306 696 3359 rei
741 3304 1204 3375 experimentum,
1256 3310 1312 3357 et
1363 3302 1619 3356 daturum
1681 3318 1739 3357 se
1792 3302 1929 3372 ipse,
1988 3310 2043 3357 et

459 3406 724 3468 capturos
770 3388 872 3451 nos
920 3410 1043 3451 esse
1097 3394 1258 3450 dixit.
1305 3392 1460 3450 Dedit
1500 3394 1592 3449 ille
1645 3410 1793 3459 vero,
1838 3403 1892 3449 et
1938 3409 2042 3449 nos

459 3491 729 3558 cepimus.
787 3485 1036 3557 Magnam
1084 3484 1152 3540 ad
1206 3484 1795 3540 excommunicatiouis
1843 3499 2043 3539 causas

462 3579 842 3635 accessionem
888 3576 1036 3632 fecit.
1066 3574 1318 3630 Nondum
1352 3583 1558 3630 tentata
1610 3582 1729 3629 erat
1769 3575 2039 3631 bonorum

464 3671 818 3742 proscriptio,
842 3669 1086 3723 nondum
1111 3666 1290 3722 caedes
1315 3674 1650 3737 perpetrata.
1683 3666 1858 3731 Quam
1882 3666 2039 3721 multi

464 3777 561 3833 per
588 3777 713 3817 eum
744 3769 994 3815 extorres
1023 3758 1187 3813 l'actil
1220 3774 1382 3828 quam
1418 3758 1572 3812 multi
1607 3767 1766 3812 antea
1798 3758 2043 3828 locuple-

465 3866 547 3909 tes
591 3868 687 3922 per
722 3852 877 3905 illum
920 3849 992 3907 ad
1029 3849 1435 3905 mendicitatem
1483 3848 1723 3902 redacti!
1764 3846 1871 3902 Sed
1906 3848 2044 3902 levia

466 3944 604 4006 haec,
640 3941 686 3998 si
717 3956 841 3995 cum
886 3938 1220 3994 nobilissimi
1259 3936 1469 4009 Magni,
1509 3936 1609 3992 sed
1640 3952 1736 4008 per
1772 3952 2044 3992 summam

468 4031 852 4089 crudelitatem
915 4030 1159 4095 sublati,
1219 4030 1369 4084 exitu
1424 4036 1835 4099 comparentur.
1892 4028 2047 4084 Jacet

466 4122 762 4181 clarissimi
812 4121 915 4180 viri
964 4121 1110 4176 ﬁlius
1156 4119 1314 4175 bonis
1354 4120 1609 4175 omnibus
1661 4121 1776 4175 suis
1826 4120 1883 4175 in
1923 4120 2047 4175 fun-

468 4213 682 4274 ctiones
711 4210 1028 4281 reipublicae
1060 4209 1297 4273 collatis,
1333 4224 1431 4280 per
1472 4208 1821 4265 occasionem
1854 4224 2046 4265 susce-

468 4313 576 4375 pta:
607 4304 661 4359 in
699 4302 869 4358 alium
895 4301 1115 4356 invidia:
1143 4299 1532 4356 miserabiliter
1564 4302 1893 4357 exstinctus.
1932 4302 2047 4355 Au-

468 4405 591 4452 rum
630 4393 994 4462 poscebatur;
1027 4389 1172 4459 quod
1200 4405 1325 4445 cum
1356 4390 1581 4445 minime
1616 4389 1792 4458 daret,
1823 4393 2045 4461 vapula-

470 4486 563 4541 bat
618 4499 795 4548 :cum
858 4482 1143 4546 dedisset,
1217 4482 1612 4545 nihilominus,
1668 4483 1813 4553 quod
1872 4486 2045 4540 conli-

470 4577 677 4636 cieudae
724 4575 970 4646 pecunia:
1018 4575 1287 4630 rationem
1332 4573 1667 4637 invenisset,
1729 4576 2043 4645 t'apulahat.

420 4694 427 4697 τ
470 4670 614 4741 Quid
652 4666 837 4724 enim?
870 4680 976 4722 non
1008 4664 1203 4720 amicis
1231 4666 1368 4730 suis,
1401 4664 1495 4720 sed
1528 4663 1663 4719 duci
1694 4680 1887 4736 agrum
1915 4683 2044 4725 ven-

471 4760 628 4815 didit.
662 4757 773 4829 Ego
802 4755 1025 4833 quidem
1056 4764 1109 4811 et
1127 4756 1473 4827 juventutem
1498 4755 1724 4826 deploro
1752 4764 1861 4811 tam
1903 4759 2048 4817 indi-

472 4867 579 4923 gne
611 4850 889 4916 habitam;
914 4857 971 4904 et
1002 4848 1194 4905 inanes
1222 4848 1290 4904 de
1317 4863 1382 4903 ea
1422 4863 1568 4917 spes.
1614 4847 1721 4905 Sed
1763 4850 1913 4907 illius
1954 4852 2045 4922 ju-

471 4949 719 5009 ventute,
771 4940 967 4997 matris
989 4950 1076 4997 est
1120 4948 1375 4997 senectus
1414 4938 1765 4995 miseratione
1803 4940 2043 5012 dignior,

473 5038 559 5091 cui
591 5036 658 5090 de
687 5035 903 5090 duobus
938 5034 1187 5088 maribus
1229 5034 1367 5088 alter
1397 5041 1622 5103 propter
1660 5033 2040 5093 Andronicum

2141 3119 2260 3173 τότε
2301 3120 2562 3190 δήμευσις
2602 3120 2961 3190 ἐτετόλμητο·
2997 3121 3148 3174 οὔπω
3184 3122 3303 3174 τότε
3349 3121 3511 3188 φόνος
3542 3122 3733 3173 ἐνεκε-

2141 3212 2378 3282 χείρητο.
2420 3211 2579 3264 Πόσοι
2636 3212 2722 3265 διὰ
2770 3211 2973 3265 τούτων
3021 3213 3213 3283 ἀλῆται
3254 3213 3332 3279 l9)
3366 3230 3381 3275 ;
3412 3213 3577 3265 πόσοι
3622 3214 3735 3266 τῶν

2142 3302 2334 3374 πρώην
2353 3303 2431 3355 ἔτι
2458 3302 2811 3374 κτηματικῶν
2833 3303 2921 3356 διά
2936 3304 3123 3357 τοῦτον
3150 3304 3545 3374 πτωχεύουσιν.
3567 3305 3737 3357 Ἀλλὰ

2146 3394 2317 3466 μικρά
2355 3393 2529 3448 ταῦτα
2555 3394 2689 3464 πρὸς
2717 3395 2806 3448 τὸν
2835 3391 2892 3448 εὖ
2922 3397 3021 3465 μὲν
3053 3395 3312 3464 γεγονότα
3342 3396 3595 3462 Μάγνον,
3631 3414 3732 3450 κα-

2142 3487 2253 3549 κῶς
2305 3485 2363 3540 δέ
2414 3486 2765 3556 ἀπολόμενον.
2798 3488 2987 3541 Κεῖται
3024 3490 3154 3550 παῖς
3180 3487 3372 3558 ἀνδρὸς
3399 3487 3731 3555 λαμπφτά-

2140 3593 2257 3642 του,
2288 3577 2459 3633 ἅπασι
2511 3582 2623 3641 τοῖς
2668 3574 2786 3632 οὖσι
2818 3578 3279 3650 λελῃτουργηκὼς
3322 3582 3390 3650 τῇ
3417 3580 3602 3640 πόλει,
3640 3579 3729 3632 τοῦ

2144 3670 2281 3741 πρὸς
2324 3671 2513 3741 ἕτερον
2558 3672 2753 3741 φθόνου
2784 3670 3024 3740 γεγονὼς
3070 3671 3471 3741 παρανάλωμα.
3520 3672 3729 3742 ᾙτεῖτο

2142 3765 2385 3835 χρυσίον,
2409 3764 2437 3816 ὃ
2462 3765 2535 3835 μή
2570 3763 2744 3827 διδοὺς
2779 3763 3040 3817 ἐτύπτετο
3061 3776 3076 3791 °
3106 3765 3201 3817 καὶ
3225 3762 3420 3827 διδοὺς,
3445 3763 3532 3816 ὅτι
3567 3765 3729 3831 πόρον

2142 3853 2385 3927 ἐξεῦρεν,
2409 3856 2688 3909 ἐτύπτετο.
2713 3855 2779 3907 Τί
2796 3854 2905 3926 γάρ
2932 3855 3036 3921 ;Οὐ
3060 3856 3170 3917 τοῖς
3200 3853 3364 3908 αὐτοῦ
3396 3855 3723 3923 φίλοιςυο).

2143 3948 2281 4001 ἀλλά
2309 3948 2385 4016 τῷ
2413 3946 2701 4018 στρατηγῷ
2719 3947 2810 3999 τὸν
2837 3947 3006 4018 ἀγρὸν
3036 3944 3399 4017 ἀπέδοτο
3432 3946 3721 4008 ἐπεδίδοτο,

2144 4038 2177 4108 ἢ
2216 4037 2517 4100 ἀπεδίδοτο,
2555 4037 2589 4106 ἦ
2626 4035 2961 4110 ἀποδέδοτο].
2989 4035 3218 4107 Δακρύω
3255 4035 3355 4105 μὲν
3376 4033 3494 4103 ἐγὼ
3515 4036 3610 4091 καὶ
3630 4034 3721 4102 τὴν

2146 4127 2627 4199 παρανομηθεῖσαν
2655 4127 2901 4198 νεότητα,
2932 4128 3027 4181 καὶ
3059 4126 3156 4191 τάς
3184 4127 3272 4179 ἐπ’
3318 4125 3464 4196 αὐτῇ
3500 4124 3717 4196 ματαίας

2147 4220 2369 4283 ἐλπίδας
2404 4219 2506 4288 τῆς
2539 4219 2766 4283 πόλεως.
2814 4219 2974 4274 Ἀλλά
3008 4218 3110 4289 τῆς
3140 4218 3358 4272 ἐκείνου
3374 4218 3644 4287 νεότητος,
3665 4215 3718 4268 τὸ

2146 4311 2245 4380 τῆς
2283 4310 2486 4380 μητρὸς
2520 4309 2696 4380 γῆρας
2734 4310 3116 4381 ἐλεεινότερον,
3163 4309 3244 4362 ὅτι
3270 4308 3420 4362 δυοῖν
3459 4309 3717 4381 ἀρρένων,

2077 4425 2122 4482 D
2145 4405 2175 4457 ό
2207 4403 2303 4474 μὲν
2335 4402 2539 4473 οἴχεται
2575 4401 2753 4470 φυγὰς
2782 4402 2849 4455 δι’
2896 4402 3230 4474 Ἀνδρόνικον
3253 4441 3269 4467 ,
3302 4401 3397 4455 καὶ
3435 4402 3564 4455 οὐδὲ
3597 4396 3722 4453 οἶδεν

2147 4486 2205 4545 οἷ
2232 4492 2369 4562 γῆς’
2419 4491 2510 4545 τὸν
2558 4491 2617 4544 δὲ
2647 4489 2787 4545 οἶδεν
2833 4485 2889 4545 οἷ
2918 4492 3025 4562 γῆς
3075 4489 3449 4563 κατορώρυχε.
3486 4490 3596 4545 thin
3625 4490 3724 4544 τῶν

2149 4584 2331 4654 νόμων
2377 4582 2491 4637 τῶν
2530 4583 3022 4653 συναδικουμένων,
3064 4585 3196 4655 παρ’
3223 4582 3318 4645 οὓς
3369 4583 3603 4653 ἄρχουσι
3631 4583 3723 4652 τῆς

2149 4673 2390 4728 ἐαυτῶνο
2427 4675 2557 4744 παρ’
2591 4673 2685 4737 οὓς
2731 4675 2818 4727 ἐπ’
2865 4674 3008 4745 ἀρχῇ
3062 4673 3391 4736 δανείζονται
3452 4676 3719 4745 χρήματα.

2149 4766 2367 4821 Τούτων
2404 4764 2504 4836 μὲν
2552 4760 2644 4820 οὖν
2702 4764 2925 4837 ἐτέρους
2979 4762 3311 4836 ἐπιμελητὰς
3350 4766 3381 4817 ό
3411 4763 3553 4827 Θεὸς
3596 4761 3722 4819 εἶναι

2153 4855 2401 4926 βούλεται
2424 4873 2437 4885 ·
2462 4856 2594 4925 ἡμῖν
2642 4855 2700 4908 δὲ
2740 4855 2955 4927 ἀπόχρη
3003 4855 3329 4926 καθαρεύειν
3354 4857 3416 4909 ἐν
3449 4856 3726 4928 καθαροῖς,

2151 4950 2246 5004 ἐὰν
2271 4951 2378 5020 ἄρα
2424 4948 2708 5019 δυνώμεθα
2767 4950 2948 5019 μένειν
2983 4950 3116 5003 είσω
3156 4948 3266 5001 τῶν
3294 4947 3605 5019 περιωλων
3631 4951 3731 5003 τῶν

2155 5040 2346 5112 ιερῶν,
2371 5039 2679 5099 ἀποκλείειν
2702 5056 2763 5092 τε
2803 5041 2915 5103 τοῖς
2951 5039 3170 5107 ἐναγέσι
3199 5038 3268 5091 τά
3317 5040 3726 5119 παναγέστατα.

473 5130 717 5194 exsulat,
740 5143 842 5184 nec
871 5127 1093 5187 ubinam
1126 5134 1399 5187 terrarum
1442 5136 1692 5186 versetur
1730 5128 1822 5187 illa
1849 5131 2043 5185 novit:
2082 5134 2313 5188 alterum
2367 5132 2475 5188 scit
2543 5131 2639 5186 ubi
2713 5139 2988 5187 terrarum
3034 5129 3328 5187 defoderit.
3380 5129 3540 5187 ﬂeul
3591 5136 3728 5204 leges

1701 5281 1885 5338 DION.
1930 5284 2205 5342 PETAVI‘I
2245 5287 2479 5343 NOTAE.

550 5446 628 5514 (9)
661 5447 844 5500 Πόσοι
873 5444 971 5498 διὰ
1010 5444 1223 5498 τοῦτον
1249 5443 1488 5512 ἀλῆται.
1515 5443 1859 5499 Conveniunt
1893 5445 1946 5499 in
1978 5463 2042 5500 ea

478 5532 611 5572 voce
655 5529 1051 5585 mss.romnes;
1098 5528 1267 5582 quare
1295 5514 1662 5585 recipiendam
1702 5516 2045 5570 existimavi-

480 5602 606 5642 mus
638 5600 737 5653 pro
764 5583 1023 5653 ἀλιῖινται.

554 5655 666 5724 (l0)
712 5654 771 5709 Τί
807 5652 949 5722 γάρ;
1000 5654 1070 5705 οὺ
1127 5652 1247 5718 τοῖς
1290 5652 1475 5707 αυτοῦ
1521 5655 1740 5722 φίλοις.
1788 5653 2050 5726 Perplexa

2154 5452 2445 5508 sententia.
2498 5451 2661 5509 Forte
2708 5453 3025 5525 τοιγαροῦν
3053 5454 3114 5508 οὖ
3175 5457 3290 5517 τοῖς
3336 5456 3513 5511 αὐτοῦ
3548 5458 3722 5525 φίλοις.

2159 5525 2261 5576 hoc
2293 5538 2493 5581 sensu,
2556 5533 2615 5577 ut
2655 5539 2848 5576 aurum
2898 5524 3029 5577 illud
3061 5525 3360 5590 penderet,
3397 5524 3628 5583 coactus
3656 5534 3725 5580 est

2158 5594 2482 5663 provinciali
2513 5592 2772 5662 praelecto
2797 5609 2985 5665 agrum
3013 5610 3171 5649 suum
3206 5596 3362 5650 dare.
