3838 6236
138 288 165 341 1
175 287 280 341 457

1244 277 1628 357 ΕῐάςετοιᾸς.
1656 329 1727 341 -
1769 299 1986 359 EPIST.
2030 303 2258 360 LXXIII.

3249 311 3390 365 “58

132 407 329 462 eadem
364 405 565 475 injuria
595 407 862 477 pulsatas.
894 418 1087 464 contra
1139 426 1277 479 quas
1315 413 1503 482 patriae
1538 430 1652 470 suae
1691 416 1964 487 imperant
1996 436 2009 472 :
2046 428 2237 474 contra
2280 435 2420 490 quas
2466 426 2733 491 pecunias
2772 424 2839 479 ad
2879 424 3110 480 emenda
3163 422 3393 492 imperia

138 501 480 557 fenerantur.
536 502 645 558 Sed
695 503 891 556 harum
946 502 1206 558 custodes
1278 520 1401 560 esse
1444 506 1560 559 vult
1594 507 1732 563 alios
1778 507 1957 574 Deus;
1985 512 2143 566 nobis
2180 513 2325 568 inter
2364 530 2530 583 puros
2562 517 2719 585 puris
2742 531 2866 571 esse
2907 514 3106 570 sufﬁcit
3140 534 3153 569 :
3195 515 3240 569 si
3270 515 3395 582 qui-

134 595 263 649 dem
308 595 453 650 iutra
488 611 647 651 sacra
695 602 848 665 septa
889 610 1210 665 permanere
1254 597 1553 666 possimus.
1588 606 1643 653 et
1683 600 2040 658 exsecrandis
2078 601 2393 660 hominibus
2433 606 2800 661 sanctissimis
2847 621 2911 660 ae
2956 604 3395 674 religiosissimis

137 689 309 744 rebus
341 688 691 743 interdicere.

675 776 1021 830 ΕΠΙΣΤΟΛΗ
1059 778 1179 832 01".

809 870 1053 936 Τρωΐλῳ.

212 960 285 1015 Σὺ
316 960 425 1032 7&9
458 958 524 1030 δὴ
575 958 673 1013 καὶ
727 959 1015 1028 φιλόσοφος
1038 954 1090 1013 εἶ
1120 960 1255 1031 (ll),
1285 961 1380 1015 καὶ
1416 961 1719 1032 φιλάνθρω-

140 1070 264 1116 πος.
294 1052 383 1106 Σοί
414 1068 483 1122 με
512 1050 592 1104 δεῖ
616 1050 1198 1121 προσανακλαύσασθαι
1221 1052 1321 1116 τὰς
1342 1053 1439 1123 τῆς
1472 1053 1720 1121 ἐνεγκού-

141 1159 248 1211 σης
301 1143 587 1212 συμφορᾶς
621 1140 737 1212 [πρ.
782 1159 849 1211 με
886 1141 1041 1213 συμ.]
1064 1160 1077 1174 ·
1106 1143 1173 1213 ἢν
1197 1144 1449 1213 τιμήσεις
1476 1144 1594 1213 μὲν,
1632 1144 1721 1197 διὰ

140 1235 373 1305 πολίτην
426 1233 713 1303 φιλόσοφον
735 1249 749 1263 ·
782 1233 1026 1303 ἐλεήσεις
1051 1234 1130 1297 δὲ,
1166 1235 1255 1287 διὰ
1293 1234 1355 1287 τὸ
1392 1236 1490 1305 τῆς
1521 1233 1719 1287 σαυτοῦ

142 1327 362 1395 φύσεως
404 1326 612 1397 ἥμερον
636 1342 649 1353 ·
683 1325 752 1379 δι’
781 1326 1066 1397 ἀμφότερα
1088 1325 1145 1379 δὲ
1188 1325 1455 1379 πεσοῦσαν
1480 1326 1721 1397 ἀνορθῶ-

142 1433 238 1474 σαι
273 1415 529 1489 πειράσῃ.
578 1415 813 1469 Δύνασαι
840 1415 917 1476 δὲ,
945 1415 1132 1486 ἐπειδὴ
1179 1415 1370 1479 σώζειν
1406 1416 1505 1480 τὰς
1538 1418 1722 1481 πόλεις

154 1506 437 1576 ’Δνθέμιος
456 1508 611 1579 (11³),
632 1507 727 1561 καὶ
744 1506 903 1576 φύσιν
924 1508 1056 1578 ἔχει,
1070 1508 1163 1562 καὶ
1182 1508 1371 1580 τύχην,
1390 1510 1483 1562 καὶ
1506 1509 1720 1580 τέχνην.

137 1590 189 1665 ᾧ
226 1595 435 1649 πολλῶν
461 1594 815 1666 ὑπαρξάντων
845 1598 925 1659 είς
970 1595 1128 1650 τούτο
1156 1598 1305 1669 παρὰ
1334 1598 1490 1663 Θεοῦ,
1527 1599 1586 1652 τὸ
1626 1599 1721 1669 μέ-

139 1706 332 1758 γιστον
354 1688 557 1753 ἀγαθὸν
588 1689 637 1740 οἱ
684 1688 857 1756 φίλοι,
891 1690 984 1742 καὶ
1015 1688 1219 1743 τούτων
1266 1691 1506 1761 Τρωΐλος
1533 1690 1594 1743 τὸ
1627 1690 1723 1761 μέ-

140 1792 353 1844 γιστον.
387 1776 575 1839 Ὅπως
612 1771 705 1829 οὖν
760 1778 835 1849 μὴ
873 1778 1032 1844 μόνον
1066 1779 1163 1842 τὰς
1212 1778 1366 1847 ὄψεις
1420 1778 1723 1844 ἐπιϐαλεῖς,

140 1867 284 1920 ἀλλὰ
317 1867 521 1919 καὶτὸν
544 1866 668 1921 νοῦν
687 1869 827 1922 πάνυ
868 1868 1070 1940 σφόδρα
1104 1869 1387 1941 προσέξεις
1408 1871 1518 1933 τοῖς
1543 1870 1723 1939 γράμ-

143 1974 334 2027 μασιν,
362 1952 437 2012 ὧν
484 1957 594 2027 ἐγὼ
643 1959 813 2013 πολλά
862 1960 1199 2014 κατέσπεισα
1248 1961 1480 2031 δάκρυα.
1516 1961 1581 2014 Τί
1610 1961 1722 2032 7&9

139 2048 211 2120 δὴ
237 2048 496 2104 Φοινίκων
547 2051 646 2118 μὲν
695 2048 806 2122 (12)
852 2051 952 2104 οὐκ
997 2050 1225 2122 ἄρχουσι
1281 2052 1545 2117 Φοίνικες,
1599 2054 1720 2106 ούδέ

140 2140 494 2211 Κοιλοσύρων
546 2121 899 2213 Κοιλόσυροι,
931 2121 1216 2210 Αἰγύπτιοι
1246 2143 1303 2197 δὲ
1354 2145 1534 2215 πάσης
1584 2145 1722 2216 μᾶλ-
1758 2121 1799 2174 Β

141 2226 273 2292 λον,
304 2229 337 2300 ἦ
367 2229 468 2298 τῆς
489 2230 732 2295 ίιαυτῶν,
761 2231 956 2295 Λίϐυες
983 2232 1041 2285 δέ
1084 2232 1232 2304 μόνοι
1268 2236 1369 2305 τῆς
1417 2234 1624 2289 ἑαυτῶν
1649 2254 1662 2302 ;
1688 2237 1721 2306 ἢ

146 2320 303 2389 μόνοι
366 2319 569 2384 Λίϐυές
618 2321 754 2373 εἰσιν
783 2321 1169 2393 ἀνδρειότατοι,
1202 2325 1296 2379 καὶ
1330 2328 1528 2397 χωρεῖν
1559 2328 1723 2397 ὁμόσε

142 2401 261 2473 τοῖς
290 2408 475 2481 νόμοις
518 2411 849 2479 ὲγνὼκασιν;
874 2408 973 2466 Ὧν
1014 2415 1104 2468 ὅτε
1154 2415 1325 2472 πλείω
1354 2420 1448 2471 καὶ
1479 2420 1721 2491 φοϐερώ-

142 2519 284 2573 τερα
324 2504 438 2566 τοῖς
467 2503 859 2575 παραϐαίνουσι
889 2504 1080 2574 γέγονε
1110 2508 1423 2578 τάπιτίμια,
1448 2511 1569 2564 τότε
1593 2512 1723 2582 μᾶλ-

142 2591 242 2644 λον
288 2591 469 2657 αὐτοῖς
508 2595 565 2647 αί
618 2596 852 2664 πονηραὶ
880 2594 1070 2663 φύσεις
1105 2598 1547 2669 ἐνεκυϐίστησαν.
1577 2602 1724 2656 Ἔδει

147 2683 252 2754 μιν
301 2683 470 2756 ἄρδην
512 2685 818 2759 ἀνῃρῆσθαι
867 2686 966 2757 τὴν
1004 2687 1140 2757 πρὸς
1176 2690 1406 2764 Κυρήνῃ
1450 2692 1725 2747 Πεντάπυ-

143 2772 235 2825 λιν
279 2787 294 2803 °
328 2773 357 2825 ό
382 2773 439 2826 δὲ
460 2772 617 2843 λιμὸς
668 2774 761 2828 καὶ
789 2775 817 2828 ὁ
849 2774 1086 2846 πόλεμος
1136 2774 1288 2830 ούπω
1332 2780 1439 2831 πᾶν
1464 2780 1586 2833 ὅσον
1618 2781 1724 2835 ἔδει

146 2863 501 2932 κατήνυσαν,
541 2864 674 2920 ἀλλὰ
742 2865 1121 2937 διατρίϐουσι,
1171 2866 1267 2921 καὶ
1334 2870 1477 2924 κατὰ
1532 2872 1724 2943 μικρὸν

145 2953 529 3013 ἀπολλύουσιν.
585 2956 793 3015 Ούκοῦν
822 2956 884 3009 τὸ
910 2957 1094 3013 λεῖπον
1128 2960 1207 3022 είς
1252 2959 1313 3011 τὸ
1345 2962 1481 3031 ταχὺ
1508 2978 1726 3033 κατειρ-

146 3044 349 3114 γάσθαι
400 3044 934 3121 προσεξευρήκαμεν.
968 3047 1162 3102 Καίτοι
1205 3049 1352 3103 τοῦτ’
1395 3050 1562 3115 ἔστιν,
1602 3051 1630 3105 ὃ
1664 3052 1725 3105 τὸ

147 3132 488 3202 παλαίφατον
519 3134 697 3205 λόγιον
725 3135 1189 3209 ἐπεχρησμῴδησε
1210 3141 1276 3209 τῇ
1324 3139 1546 3213 τελευτῇ
1590 3140 1726 3195 [Iav-

146 3224 447 3288 τατυόλεως.
490 3225 751 3298 Πατέρων
795 3228 927 3281 αὐτὸ
972 3229 1067 3282 καὶ
1101 3229 1339 3283 πάππων
1390 3232 1722 3302 ἠκούσαμεν,

144 3314 234 3373 ὅτι
268 3313 475 3382 φθερεῖ
509 3314 579 3367 τὰ
628 3315 859 3371 Λιϐύων
910 3318 1220 3387 ἡγεμόνων
1258 3322 1538 3391 κακότης.
1585 3323 1725 3377 Αύτδ

146 3402 262 3498 γὰρ
303 3403 461 3498 τοῦτό
510 3406 625 3458 ἐστι
669 3405 763 3498 τοῦ
788 3405 1040 3478 χρησμοῦ
1079 3408 1141 3461 τὸ
1178 3410 1454 3481 τεμάχιον.
1504 3413 1642 3467 Ἀλλ’
1675 3416 1724 3468 εί
1753 3438 1795 3498 c

149 3495 246 3547 καὶ
300 3495 583 3566 πέπρωται
632 3496 810 3562 τοῦτο,
842 3498 1110 3571 ἀναϐολήν
1146 3516 1268 3553 τινα
1296 3502 1389 3555 τοῦ
1418 3504 1588 3558 κακοῦ
1625 3523 1729 3576 μη-

150 3586 481 3657 χανήσασθε.
518 3587 629 3639 Καὶ
660 3588 769 3658 7&9
817 3589 851 3662 ή
899 3588 1005 3641 τῶν
1061 3590 1262 3661 ίατρῶν
1308 3591 1490 3664 τέχνη,
1522 3594 1581 3647 τὺ
1628 3596 1729 3666 μὲν

148 3677 443 3731 ἀποθανεῖν
490 3677 796 3751 ἄνθρωπον,
832 3680 1021 3751 ἐπειδὴ
1055 3680 1216 3749 φύσις
1260 3684 1439 3745 ἐστὶν.
1489 3687 1550 3739 ού
1600 3688 1732 3742 καθ·

148 3768 297 3834 ἅπαξ
324 3768 522 3823 κωλύει
541 3783 556 3798 ο
586 3771 802 3840 ἐμποιεῖ
832 3770 888 3824 δέ
917 3788 1036 3825 τινα
1075 3770 1352 3843 διατριϐὴν
1402 3772 1480 3844 τῷ
1521 3776 1727 3847 χρεών.

149 3858 379 3927 ’Ὁμοιόν
414 3875 468 3912 τι
522 3859 781 3930 αἰτοῦμεν
814 3861 908 3914 καί¹
958 3860 1108 3929 παρὰ
1140 3862 1238 3931 τῆς
1273 3862 1469 3936 τέχνης
1499 3865 1597 3939 τῆς
1624 3868 1727 3941 ἀρ-

145 3950 311 4019 χικῆς
330 3950 687 4023 ’βοηθησάτω
713 3954 779 4023 τῇ
816 3953 973 4021 φύσει
1006 3952 1147 4007 κατά
1175 3956 1274 4025 τῆς
1298 3956 1474 4009 νόσουο
1498 3957 1573 4029 μὴ
1601 3957 1730 4028 μένα·

145 4056 240 4097 τοι
281 4042 700 4097 κατασπευδέτω
740 4043 832 4096 τὸν
872 4043 1109 4114 ὄλεθρον.
1137 4045 1250 4119 Μὴ,
1287 4045 1499 4117 δέομαι,
1536 4046 1612 4120 μὴ
1640 4048 1732 4117 γέ·-

146 4149 320 4197 νοιτο,
353 4132 463 4188 τῶν
511 4133 798 4200 Ἀνθεμίου
830 4133 926 4187 τοῦ
958 4135 1191 4206 μεγάλου
1217 4137 1445 4209 γαιρῶν,
1463 4140 1730 4210 ἐπαρχίαν

162 4224 475 4295 Ῥωμαϊκὴν
501 4226 564 4277 ἐκ
586 4224 757 4296 μέσης
782 4227 1087 4299 ἀνῃρῆσθαι
1108 4230 1209 4300 τῆς
1231 4229 1571 4301 διοικήσεως.
1594 4232 1729 4285 Είπέ

147 4315 291 4387 πρὸς
325 4316 508 4381 αὐτὸν,
544 4317 667 4371 εἰπὲ
717 4318 855 4389 πρὸς
893 4318 1001 4373 τῶν
1024 4320 1229 4389 λόγωνο
1252 4322 1312 4374 ού
1353 4325 1416 4375 σὺ
1448 4340 1733 4395 καταπεμ-

146 4407 354 4477 φθῆναι
383 4408 477 4462 τὸν
502 4408 665 4479 νόμον
685 4409 915 4478 γέγονας
940 4410 1133 4476 αἴτιος,
1161 4413 1255 4464 ἐπὶ
1299 4415 1412 4476 τοῖς
1444 4413 1610 4467 πάλαι
1638 4414 1730 4467 τὸν

148 4500 571 4569 πρόσφατον,“δς
610 4501 948 4556 ἀνατείνεται
996 4502 1167 4556 πολλὰ
1208 4502 1303 4556 καὶ
1354 4502 1567 4574 χαλεπά
1619 4507 1731 4568 τοῖς

150 4590 519 4661 μνηστεύουσι
558 4590 656 4661 τὴν
708 4592 806 4662 τῆς
836 4590 1165 4663 ἐνεγκούσης
1193 4594 1367 4663 ἀρχήν
1403 4611 1418 4660 ;
1470 4593 1593 4657 Πῶς
1638 4591 1731 4647 οὗν

145 4682 215 4737 ού
239 4683 472 4753 νεμεσᾷς
496 4684 609 4744 τοῖς
634 4681 1105 4752 φιλοτιμουμένοις
1134 4683 1228 4736 ἐπὶ
1279 4683 1373 4736 σοῦ
1396 4683 1730 4755 διαῤῥηγνύο

1736 787 1785 841 Δ

2294 780 2635 837 EPISTOLA
2674 780 2888 837 ωιΧιιι

2507 872 2708 927 Troilo.

1890 956 2024 1012 Cum
2049 966 2104 1013 et
2131 967 2188 1014 tu
2217 961 2581 1031 philosOphus
2610 962 2709 1027 sis,
2744 970 2798 1016 ct
2828 962 3173 1019 humanitate
3195 964 3395 1035 praedi-

1821 1056 1935 1114 tus,
1982 1048 2331 1120 deplorandae
2384 1052 2516 1106 mihi
2541 1052 2704 1122 320
2728 1053 2872 1121 apud
2922 1062 2976 1108 te
3026 1062 3157 1109 sunt
3205 1056 3396 1125 patriae

1818 1140 2199 1208 calamitates;
2235 1142 2324 1196 cui
2357 1150 2416 1196 tu
2448 1142 2709 1198 honorem
2738 1144 2961 1213 quidem
2994 1144 3224 1200 habebis
3248 1148 3391 1202 civis

1820 1229 2136 1301 philosophi
2166 1234 2378 1303 gratia;
2422 1233 2861 1289 misericordiam
2904 1249 3034 1289 vero
3074 1236 3287 1292 tribues
3326 1238 3398 1293 ob

1822 1317 2041 1373 insitam
2098 1321 2267 1374 animi
2328 1322 2645 1386 lenitatem;
2714 1333 2769 1378 et
2820 1325 3110 1394 utriusque
3172 1326 3395 1382 demum

1821 1405 1992 1463 eausa
2025 1406 2299 1476 jacentem
2346 1410 2557 1480 erigere
2609 1409 2923 1465 conaberis.
2977 1411 3091 1465 Hoc
3129 1411 3275 1465 enim
3313 1419 3399 1466 est

1822 1499 1879 1552 in
1914 1508 2005 1554 tua
2050 1507 2319 1570 potestate
2362 1501 2549 1565 situm,
2586 1500 2846 1572 quoniam
2895 1502 2965 1556 ad
2998 1502 3247 1556 civitates
3283 1517 3399 1557 ser-

1822 1589 2033 1647 vandas
2065 1591 2390 1647 Anthemius
2437 1599 2492 1647 et
2526 1600 2744 1657 natura,
2768 1601 2823 1647 et
2862 1592 3102 1657 fortuna,
3142 1602 3198 1648 et
3230 1592 3397 1647 indu-

1827 1682 1963 1737 stria
1987 1690 2336 1751 comparatus
2374 1690 2480 1738 est.
2522 1682 2622 1736 Cui
2655 1697 2780 1737 cum
2819 1684 2988 1737 multa
3018 1682 3284 1740 divinitus
3318 1684 3389 1739 ad

1830 1771 1884 1825 id
1932 1768 2071 1825 bona
2099 1786 2362 1826 concessa
2396 1778 2546 1838 sunt,
2584 1781 2695 1825 tum
2727 1786 2999 1827 summum
3041 1780 3145 1836 est.
3184 1773 3397 1828 amico-

1832 1879 1954 1917 rum
1988 1864 2167 1934 copia,
2196 1872 2251 1920 et
2288 1865 2432 1919 inter
2466 1879 2562 1919 eos
2594 1862 2813 1920 Troilus
2845 1864 3003 1935 longe
3031 1866 3399 1935 potissimum.

1826 1955 2194 2021 Quamobrem
2236 1954 2382 2016 vide.
2420 1970 2628 2025 quaeso,
2659 1970 2727 2010 ne
2773 1957 2966 2012 oculos
2998 1956 3270 2011 duntaxat
3301 1955 3400 2010 ad-

1823 2046 2009 2117 jicias.
2041 2046 2139 2101 sed
2172 2053 2228 2101 et
2256 2053 2494 2102 mentem
2526 2047 2693 2101 etiam
2722 2047 2919 2104 litteris
2958 2048 3235 2110 advertas.
3264 2063 3405 2118 quas

1828 2154 1931 2209 ego
1960 2137 2195 2193 ubertim
2231 2137 2567 2193 stillantibus
2606 2139 2867 2209 lacrymis
2907 2140 3169 2209 respersi.
3199 2138 3303 2205 Qui
3345 2138 3405 2192 fit

1827 2232 1977 2286 enim
2023 2240 2083 2285 ut
2112 2229 2468 2285 Phoenicibus
2498 2230 2717 2300 quidem
2750 2229 3039 2286 Phoenices
3078 2246 3190 2285 non
3229 2231 3405 2300 impe-

1828 2331 1984 2388 rent;
2039 2336 2141 2377 nec
2193 2321 2465 2391 Coelosyri
2516 2320 2856 2392 C(elosyris.
2910 2319 3154 2392 Egyptii
3217 2319 3403 2376 itidem

1827 2411 2083 2466 omnibus
2127 2410 2309 2480 potius
2364 2409 2682 2478 provinciis,
2738 2425 2901 2479 quam
2948 2410 3168 2479 patriae;
3206 2408 3405 2480 Libyes

1827 2502 1926 2559 soli
1964 2501 2157 2572 patriae
2190 2500 2597 2571 praehciantur?
2646 2498 2831 2554 Soline
2868 2499 3067 2571 Libyes
3104 2499 3395 2555 fortissimi

1826 2601 1978 2657 sunt,
2010 2607 2075 2646 ac
2099 2592 2314 2663 legibus
2336 2606 2614 2661 opponere
2639 2606 2761 2645 sese
2778 2592 3139 2646 constitutum
3168 2590 3407 2646 habent?

1826 2684 2035 2752 Quibus
2078 2699 2204 2738 cum
2255 2684 2412 2752 plura
2470 2682 2735 2737 adversus
2779 2683 3074 2737 violatores
3138 2682 3405 2752 supplicia

1826 2777 2075 2845 apposita
2105 2774 2327 2839 fuerint,
2364 2784 2476 2828 tum
2504 2774 2713 2843 perdita
2735 2772 2950 2843 ingenia
2986 2774 3194 2844 impetu
3227 2775 3281 2827 iII
3310 2788 3407 2829 eas

1826 2869 2079 2939 graviore
2118 2867 2485 2937 praecipitant.
2522 2865 2757 2921 Necesse
2789 2873 2909 2920 erat
2940 2866 3122 2935 perire
3155 2864 3405 2920 funditus

1824 2955 2194 3027 Cyrenensem
2234 2955 2579 3025 Pentapolin.
2638 2953 2837 3008 Verum
2873 2954 3066 3019 fames.
3113 2963 3169 3009 et
3206 2955 3408 3010 bellum

1826 3044 2068 3100 nondum
2118 3051 2387 3114 quantum
2440 3043 2577 3097 salis
2624 3056 2741 3096 erat
2772 3051 3256 3111 consumpserunt,
3312 3040 3409 3096 sed

1827 3150 2035 3190 moram
2063 3135 2294 3201 faciunt,
2323 3144 2377 3189 et
2404 3136 2667 3205 paulatim
2693 3133 3041 3203 disperdunt.
3068 3133 3237 3203 Igitur
3262 3133 3407 3203 quod

1825 3228 1895 3282 ad
1952 3227 2211 3282 interitus
2261 3226 2603 3281 celeritatem
2656 3226 2901 3280 restabat
2948 3226 3407 3293 excogitavimus.

1827 3318 2156 3388 Quanquam
2203 3317 2309 3370 hoc
2351 3316 2531 3386 ipsum
2575 3324 2682 3380 est,
2731 3315 2876 3386 quod
2908 3324 3064 3370 vetus
3116 3314 3408 3369 admodum

1828 3410 2110 3466 oraculum
2147 3409 2213 3464 de
2248 3407 2570 3479 Pentapolis
2611 3408 2761 3463 exitu
2793 3408 3148 3461 vaticinatum
3189 3414 3294 3461 est.
3325 3405 3401 3463 De

1830 3500 2150 3572 parentibus
2187 3501 2294 3554 hoc
2341 3510 2395 3554 et
2429 3500 2547 3554 avis
2576 3499 2890 3568 accepimus
2925 3515 2938 3550 :
2970 3498 3068 3553 Res
3092 3498 3273 3568 Libya:
3304 3499 3409 3551 du-

1829 3608 1947 3644 cum
1986 3592 2247 3660 pravitate
2274 3591 2537 3659 perditum
2574 3590 2661 3643 iri.
2707 3588 2821 3643 Hoc
2861 3589 3007 3643 enim
3039 3590 3247 3644 oraculi
3294 3588 3410 3643 fra-

1829 3689 2107 3751 gmentum
2152 3692 2258 3736 est.
2308 3679 2414 3735 Sed
2439 3687 2492 3734 et
2531 3680 2577 3735 si
2620 3679 2673 3732 in
2718 3678 2846 3733 fatis
2894 3677 2999 3731 hoc
3048 3676 3284 3747 positum
3315 3677 3408 3743 sit,

1830 3774 2066 3845 aliquam
2107 3782 2289 3827 tamen
2336 3772 2465 3828 mali
2504 3771 2822 3825 dilationem
2875 3770 3138 3823 invenite.
3189 3766 3407 3822 Etenim

1832 3864 2173 3918 medicorum
2200 3878 2290 3918 ars
2317 3863 2438 3932 ipsa
2467 3869 2697 3916 mortem
2731 3860 2951 3931 quidem
2978 3860 3048 3913 ab
3070 3859 3406 3921 hominibus.

1829 3957 2090 4026 quoniam
2125 3954 2241 4011 haec
2280 3969 2470 4009 earum
2502 3963 2586 4009 est
2617 3962 2834 4019 natura,
2868 3966 2976 4006 non
3025 3950 3246 4021 penitus
3277 3964 3407 4020 pro-

1829 4048 2049 4119 pulsat;
2081 4048 2178 4103 sed
2223 4060 2431 4100 moram
2470 4054 2653 4099 tamen
2692 4044 2931 4113 aliquam
2968 4043 3118 4096 fatali
3165 4040 3405 4096 necessi-

1831 4141 1927 4196 tati
1959 4139 2157 4209 injicit.
2182 4138 2467 4206 Ejusmodi
2502 4136 2713 4207 aliquid
2749 4136 2819 4191 ab
2845 4133 3147 4206 imperandi
3179 4132 3408 4188 scientia

1833 4234 2109 4304 petimus;
2151 4240 2359 4285 naturae
2387 4236 2445 4284 ut
2485 4236 2682 4284 contra
2727 4229 2903 4284 morbi
2943 4228 3050 4281 vim
3080 4226 3407 4297 opituletur;

1829 4340 1940 4380 non
1972 4322 2253 4377 interitum
2290 4326 2551 4376 maturet.
2587 4318 2686 4382 Ne,
2718 4334 2927 4389 quaeso.
2971 4334 3041 4373 ne
3084 4318 3189 4372 hoc
3226 4316 3407 4387 magni

1830 4412 2108 4469 Anthemii
2143 4412 2485 4481 temporibus
2524 4411 2768 4473 eveniat,
2814 4417 2874 4463 ut
2907 4408 3153 4463 Romana
3183 4406 3407 4477 provin-

1831 4506 1914 4562 cia
1950 4503 2127 4558 media
2156 4517 2221 4556 ex
2254 4502 2480 4556 ὀίωοεεί
2509 4500 2757 4556 funditus
2792 4507 2999 4569 pereat.
3033 4498 3129 4553 Dic
3159 4497 3259 4557 illi.
3288 4494 3399 4557 dic.

1832 4612 1927 4667 per
1963 4594 2227 4651 scientias
2270 4593 2517 4647 obtestor
2549 4611 2562 4646 :
2598 4608 2704 4645 non
2754 4600 2811 4644 tu
2865 4605 3019 4644 novze
3064 4604 3230 4657 supra
3259 4590 3409 4642 vete-

1834 4702 1947 4743 rem
1974 4683 2255 4739 mittcndae
2277 4683 2413 4751 legis
2437 4692 2631 4738 auctor
2656 4681 2941 4744 exstitisti,
2973 4695 3094 4749 quae
3120 4680 3201 4734 lex
3238 4679 3407 4732 multa

144 4790 242 4826 vat
267 4773 335 4826 1:&
364 4773 433 4827 o&
466 4772 835 4843 πολιτεύματα
861 4790 877 4839 ;
904 4774 967 4828 Εἰ
1007 4774 1108 4844 μὲν
1142 4769 1235 4826 οὖν
1268 4775 1327 4827 ού
1353 4773 1723 4839 λανθάνουσιν,

1830 4789 1884 4836 et
1913 4776 2111 4833 acerba
2143 4774 2435 4829 minitatur
2490 4775 2560 4830 iis
2609 4775 2703 4844 qui
2757 4773 2946 4843 patria:
2973 4787 3089 4827 sua:
3119 4771 3405 4840 imperium

146 4860 360 4925 ἀδικεῖς
383 4878 397 4894 ο
428 4861 480 4915 εί
519 4859 578 4914 δὲ
614 4860 985 4928 λανθάνουσιν,
1034 4861 1275 4941 ἀμελεῖς.
1316 4861 1468 4932 Χρῆν
1500 4862 1557 4915 δὲ
1606 4864 1729 4934 οὐχὶ

1835 4868 2110 4923 ambiant?
2157 4868 2268 4923 Cur
2311 4883 2420 4921 non
2458 4866 2622 4937 igitur
2657 4866 2724 4921 iis
2763 4878 3065 4921 succenses
3092 4901 3109 4928 ,
3149 4862 3244 4932 qui
3280 4869 3402 4917 acta

1384 4994 1564 5060 DlON.
1599 4994 1872 5053 PETAVII
1914 4996 2145 5054 NOTAE.

227 5134 344 5203 (11)
376 5135 459 5188 Σὺ
500 5134 609 5203 τὰρ
638 5133 714 5201 δὴ
744 5133 841 5187 καὶ
871 5134 1223 5202 φιλόσοφος.
1265 5131 1319 5184 In
1352 5139 1458 5203 vet.
1492 5130 1721 5203 initium

149 5200 666 5276 epistolanesLXOE
698 5200 770 5276 με
796 5200 1217 5276 δεῇ-οισιῂέιιιιιι
1256 5203 1319 5276 σὺ
1352 5202 1461 5276 7&9
1487 5200 1574 5271 δή,
1610 5210 1723 5276 etc.

229 5271 490 5344 [LXXIX]
522 5274 661 5344 (Μ’)
696 5271 935 5344 Ἐπειδὴ
972 5270 1180 5344 σῴζειν
1212 5271 1317 5334 τὰς
1349 5270 1555 5335 πόλεις
1609 5272 1728 5324 Ἀν-

150 5342 379 5411 θέλιιος.
412 5342 735 5396 Anthemius
784 5343 894 5405 hic,
953 5342 1187 5411 insignis
1214 5347 1563 5411 a_c_spectatae
1596 5355 1726 5411 pro-

151 5407 349 5493 bitatis
376 5411 839 5493 vigeonsulatum
874 5412 1042 5493 gessit
1062 5407 1187 5464 cum
1220 5407 1486 5493 IS‘tili’cone
1514 5410 1576 5463 A.
1597 5407 1724 5473 3105.

148 5482 383 5553 Joannis
390 5480 769 5553 Qhrysostomi
790 5477 1322 5553 aIIIicEIsimus._Qui
1363 5486 1548 5553 postea
1588 5493 1724 5547 prae-

153 5552 337 5607 fectus
362 5547 527 5606 Urbis
553 5549 659 5605 sub
683 5549 904 5617 juniore
936 5547 1245 5605 Theodosio
1267 5548 1553 5617 imperium
1566 5563 1728 5603 omne

154 5618 900 5693 prudenteriadministravit.
937 5617 1317 5693 Vide_Socrat._
1345 5617 1439 5693 lib.
1472 5633 1565 5683 vn,
1600 5632 1721 5687 cap.

155 5685 211 5761 1,
242 5690 332 5746 ubi
363 5698 414 5746 ct
444 5688 612 5746 Troili
649 5688 905 5759 sophista:
925 5690 1252 5745 mentionem
1293 5685 1441 5741 facit.

1902 5133 2014 5205 (12)
2043 5134 2105 5187 Τί
2120 5134 2231 5203 γὰρ
2257 5131 2333 5205 δὴ
2360 5132 2647 5205 φοινίκων
2666 5129 3219 5205 jtér._0bservatione
3239 5133 3404 5205 digna

1829 5202 1936 5269 lex,
1967 5201 2075 5271 qua
2128 5201 2336 5271 nemini
2368 5201 2563 5271 liceret
2590 5202 2643 5254 in
2682 5202 2857 5270 patria
2889 5217 2985 5256 sua
3016 5201 3400 5271 praefecturam

1828 5269 2220 5340 provincialem
2250 5270 2502 5340 adipisci.
2533 5269 2706 5336 Quam
2740 5272 2986 5340 eamdem
3019 5269 3294 5326 'Sinarum
3324 5275 3403 5327 in-

1830 5338 2041 5397 stitutis
2080 5338 2357 5409 receptam
2392 5338 2703 5409 didicimus.
2745 5338 2979 5393 Causam
3023 5340 3229 5395 indicat
3267 5343 3399 5395 ϐοοκ

1830 5412 2085 5465 siodorus
2114 5408 2221 5464 lib.
2250 5427 2287 5471 I.
2318 5410 2477 5478 epist.
2510 5408 2563 5468 5,
2589 5408 2677 5461 ubi
2709 5424 2912 5462 necesse
2940 5418 3039 5473 est,
3075 5411 3272 5479 inquit.
3308 5421 3399 5463 aut

1829 5481 2057 5549 gratiam
2088 5479 2357 5548 parcutela
2384 5487 2642 5545 provocet.
2692 5487 2784 5549 aut
2836 5478 3017 5549 odium
3074 5478 3243 5549 longa:
3276 5494 3401 5549 con:

1836 5546 2095 5618 tentiones
2132 5558 2459 5618 exasperent.
2493 5549 2561 5601 At
2613 5549 2676 5618 in
2692 5547 2874 5614 edicto
2904 5548 3315 5618 Clotarii._to_m.
3379 5546 3397 5601 Ι

1837 5617 1999 5672 Coac.
2038 5617 2205 5679 Call..
2242 5614 2293 5686 p.
2362 5617 2484 5680 475,
2516 5616 2796 5681 statuitur,
2832 5626 2888 5686 ut
2926 5614 3102 5686 nullus
3144 5614 3312 5686 judea:
3335 5618 3399 5674 de

1836 5688 1958 5744 aliis
1987 5684 2265 5759 provinciis
2298 5697 2387 5743 aut
2420 5686 2712 5757 regionibus
2741 5687 2793 5739 in
2829 5685 2935 5740 alia
2960 5684 3072 5739 loca
3103 5684 3395 5742 ordinetur.
