1919 3118
221 109 231 135 l
236 108 288 137 459

761 106 894 138 ΒΥΝΕΒΙΙ
915 107 1148 138 PTOLEMAIDIS
1162 107 1319 136 EPISCOPI

1790 104 1862 131 uio

219 159 267 182 tua
295 156 452 185 rescindere
470 157 562 187 ,omni
604 165 656 192 ope
688 158 880 186 contendunt!
912 166 946 187 ac
980 157 1005 185 si

1074 157 1103 185 δν
1124 156 1209 193 ἄνδρα
1229 156 1275 183 τὸν
1300 153 1554 192 ἡγεμονικώτατον
1569 149 1679 180 atram
1700 150 1802 186 τούτῳ
1816 153 1862 186 μά.

221 210 277 229 non
309 204 395 236 ignoti
422 204 470 231 tibi
499 204 537 230 illi
564 209 650 236 sunt,
684 204 812 239 injuriam
843 205 931 239 lacis;
963 205 1007 233 sin

222 247 301 283 221
319 249 424 283 ignoti,
453 249 579 284 negligis.
606 249 717 277 Minime
740 254 832 278 autem
858 251 949 279 facere
970 251 1008 278 ita

222 294 337 321 decebat
365 294 502 322 hominem
531 296 680 329 imperandi
711 297 929 330 peritissimum,
961 296 1008 324 sed

223 339 287 366 huic
301 340 346 366 uni
367 339 486 367 maxime
505 342 627 367 animum
652 341 817 377 adjnngere,
841 347 871 369 ut
889 343 935 377 qui
957 343 1009 370 sub

223 388 250 411 te
269 383 446 419 praefecturas
471 385 573 413 obituri
589 390 653 413 sunt
676 394 757 420 quam
775 387 870 421 optimi
886 387 1009 421 deligan-

224 434 277 456 tur.
303 429 398 456 Divina
420 431 522 465 quippe
551 438 583 457 ac
612 432 755 466 magniﬁca
775 432 820 458 illa
839 432 1009 467 providentia

224 479 284 506 est,
300 475 329 502 in
342 483 397 510 qua
415 476 511 503 sedulo
524 484 591 503 cura
614 477 640 503 in
659 477 720 503 boni
740 477 791 504 viri
805 478 942 505 delectum
959 479 1009 504 im-

225 521 363 556 penditur.
380 521 408 549 ln
423 522 474 549 hoc
485 523 557 549 enim
577 523 666 557 gentis
692 524 826 550 univcrsze
841 531 906 551 cura
920 524 1009 551 susci-

225 567 308 601 pitur.
325 566 461 602 Imprimis
474 568 556 601 igitur
568 568 602 594 ab
614 568 853 596 administratione
866 569 1010 603 rejiciendi

225 612 265 639 illi
283 617 364 644 sunt.
380 613 427 648 qui
445 613 516 649 leges
531 614 610 648 quasi
627 614 736 642 iurastis
751 615 875 642 calcibus
893 619 1009 650 petunt;

225 663 322 686 contra
346 667 416 694 quas
439 661 534 695 patria:
567 668 622 688 suae
648 661 837 696 praefecturam
864 662 1009 690 obtinent:

226 709 322 732 contra
348 712 437 740 quas,
468 707 546 734 nobis
570 707 644 733 velut
672 707 783 741 pnediis
811 709 1011 743 oppigneratis,

226 755 349 778 mutuam
375 752 517 786 pecuniam
538 753 687 788 accipiunt.
716 753 824 780 Modum
853 755 915 782 huic
940 755 1012 782 malo

229 793 320 822 facile.
337 794 434 822 Mittite
449 796 481 822 ad
500 804 550 823 nos
568 796 655 830 magis
672 797 807 831 legitimos
822 799 1010 833 magistratus,

228 840 275 876 qui
293 848 381 876 neque
396 843 520 869 noverint
534 850 596 874 nos.
625 850 713 878 neque
727 844 806 871 nobis
825 844 927 879 cogniti
945 845 1011 877 sint,
1029 830 1048 857 Β

227 889 310 920 atque
330 894 364 914 ex
380 891 478 913 natura
499 888 567 922 ipsa.
590 896 644 915 non
667 889 772 923 privato
793 890 876 916 animi
902 890 1012 922 atl‘ectu,

228 932 262 959 de
276 933 359 960 rebus
377 933 513 967 judicium
536 933 632 961 ferant.
657 934 734 962 Nunc
754 936 827 963 enim
852 937 891 963 ita
915 945 945 964 se
970 944 1014 964 res

230 978 323 1005 habet.
347 977 464 1014 Navigat
487 980 540 1006 huc
560 979 704 1012 dominus,
723 981 770 1016 qni
788 986 866 1008 antea
890 983 917 1008 in
932 990 1015 1017 repu-

230 1024 301 1051 blica
313 1024 466 1051 dissidebat
480 1033 486 1056 ;
505 1032 639 1058 suamque
652 1025 724 1051 illam
743 1026 850 1053 civilem
863 1026 1016 1054 dissensio-

229 1077 292 1097 nem
311 1077 327 1097 e
340 1070 468 1097 tribunali
486 1071 669 1106 persequitur.
689 1070 823 1106 Pleraque
840 1080 906 1099 Vero
920 1078 946 1100 et
961 1073 1015 1099 alia

230 1115 295 1143 inde
321 1116 390 1143 mala
418 1122 579 1145 nascuntur.
603 1117 753 1145 Versantur
770 1119 797 1145 in
822 1120 956 1147 conviviis
969 1127 1016 1146 ca-

230 1161 351 1188 lumniae.
366 1161 486 1189 Muliel'is
497 1163 598 1189 donum
611 1162 640 1189 lit
652 1163 722 1190 civis
733 1164 851 1198 alicujus
863 1165 1015 1193 calamitas.

230 1205 296 1233 Inde
310 1207 444 1235 excitatus
468 1208 629 1240 accusator';
655 1208 813 1244 quicunque
837 1217 902 1236 vero
926 1210 1015 1245 legum

230 1253 393 1280 violatarum
411 1254 547 1280 actionem
565 1254 707 1282 intendere
721 1255 801 1287 nolit,
817 1255 1019 1282 condemnatur

231 1297 300 1333 ipse.
316 1298 369 1326 nisi
385 1302 532 1332 antequam
554 1300 702 1326 damnetur
715 1321 722 1333 ,
746 1302 839 1327 eadem
863 1308 925 1327 cum
941 1301 1018 1328 dam-

231 1344 305 1370 natis
329 1350 476 1378 perpessus
507 1343 599 1370 fuerit.
628 1344 754 1372 Vidimus
780 1346 826 1381 qui
852 1346 886 1373 ob
914 1346 970 1373 haec
991 1347 1017 1374 in

231 1388 340 1416 vincula
355 1388 540 1422 conjiceretur
553 1398 559 1421 ;
574 1390 646 1424 quod
667 1397 740 1421 eum,
753 1391 799 1425 qui
817 1399 903 1425 nuper
917 1392 1019 1425 optime

233 1434 393 1469 magistratu
436 1433 546 1462 functus
592 1440 678 1467 esset,
713 1436 854 1470 peculatus
888 1444 1019 1465 accusare

234 1480 329 1507 nollet.
350 1479 407 1507 lmo
429 1488 464 1508 ne
492 1481 569 1507 illum
587 1481 696 1515 quidem
719 1481 839 1509 vidimus
856 1482 906 1517 ipsi
924 1492 930 1508 :
951 1484 1018 1517 quin
1034 1495 1055 1524 ο

233 1526 365 1554 accedere
374 1527 487 1561 propius
503 1527 677 1554 interdictum
691 1533 760 1560 erat,
774 1528 847 1555 velut
865 1529 1018 1561 sceleratis,

234 1576 282 1599 aut
300 1572 452 1606 maiestatis
476 1574 550 1604 rcis,
582 1573 671 1600 donec
693 1574 824 1608 quidquid
855 1574 962 1601 libitum
979 1579 1021 1602 est

234 1616 425 1651 perfecerunt;
446 1621 473 1644 et
492 1625 522 1643 ea
540 1617 598 1651 lege
610 1618 695 1644 solem
718 1618 816 1644 intueri
833 1618 936 1645 homini
951 1626 1020 1645 con-

235 1670 343 1690 cessum
370 1666 423 1696 est,
449 1667 478 1690 ut
494 1663 665 1690 Gcnnadium
694 1664 721 1690 in
745 1664 791 1698 jus
820 1670 940 1692 vocaret.
968 1664 1021 1692 Sed

236 1708 393 1743 Pentapolis
416 1713 510 1736 nostra
541 1709 567 1736 in
584 1709 677 1736 multis
696 1714 738 1737 cst
760 1718 775 1736 a
795 1710 936 1737 Genuadio
953 1711 1022 1747 Syro

237 1754 379 1782 sublevata
396 1763 402 1781 :
423 1762 540 1788 quorum
560 1755 624 1781 illud
639 1755 787 1782 maximum
802 1761 855 1787 est,
871 1757 943 1790 quod
966 1765 1023 1784 ser--

237 1808 318 1828 mone
345 1807 378 1827 ac
394 1801 573 1835 persuasione
596 1801 740 1835 imperium
757 1809 899 1833 exercens,
916 1803 1024 1830 nemine

238 1850 363 1872 nostrum
379 1845 548 1876 advertente,
565 1845 626 1879 plus
641 1846 763 1880 pecuniae
785 1848 812 1872 in
835 1847 959 1881 publicas
980 1856 1025 1873 ra-

238 1890 330 1917 tiones
343 1890 451 1922 intulit,
473 1897 554 1924 qualn
572 1890 756 1917 crudelissimi
779 1891 882 1925 quique
903 1896 930 1918 et
953 1896 1026 1919 atro-

238 1936 330 1963 citatis
341 1935 452 1963 nomine
464 1935 636 1962 celeberrimi
649 1944 655 1962 :
670 1940 870 1970 propterquam
883 1937 1024 1971 pecuniam

239 1988 320 2008 nemo
332 1981 499 2016 lacrymatus
518 1985 577 2014 est;
602 1985 714 2015 propter
728 1989 808 2015 quam
834 1990 914 2008 nemo
930 1991 1024 2017 agrum

239 2026 371 2054 vendidit.
385 2026 621 2053 Contributionem
636 2026 709 2052 illam
723 2027 795 2060 piam
811 2027 911 2054 merito
926 2028 1027 2063 aliquis

1056 203 1137 230 λιστα
1159 202 1303 238 προσέχειν
1320 202 1366 228 τὸν
1389 200 1463 231 νοῦν,
1476 201 1538 231 τοὺς
1549 198 1723 234 ὑπάρξαντας
1734 198 1778 229 ὡς
1801 197 1860 232 $51-

1058 249 1164 280 τίστους
1180 247 1327 283 αἱρεῖσθαι.
1344 246 1409 273 Θεία
1420 246 1475 282 γὰρ
1491 245 1559 280 αὕτη
1575 245 1623 272 καὶ
1634 244 1860 279 μεγαλοπρεπής

1059 294 1214 329 ἡπρόνοια,
1235 293 1301 328 πρὸς
1367 292 1519 318 δαπανᾶται
1538 290 1647 326 φροντὶς
1671 289 1712 320 εἰς
1738 288 1859 322 ἐκλογῇ

1059 340 1154 374 ἀνδρὸς
1184 339 1299 373 ἀγαῡοῦ.
1324 338 1393 364 Ἀλλ’
1415 340 1443 364 έν
1462 337 1548 371 τούτῳ
1574 336 1629 371 γάρ
1652 336 1731 361 ἐστιν
1762 335 1860 365 EGV»;

1059 386 1206 420 ὁλοκλήρου
1236 385 1401 419 πεποιῆσθαι
1419 383 1555 418 φροντίδα.
1572 383 1682 408 Τούτων
1701 379 1755 407 οὖν
1776 381 1860 408 εὖῧὺε

1060 432 1247 466 ἀπεγνωκέναι
1259 431 1392 466 προσήκει
1407 430 1461 456 τῶν
1476 428 1659 463 ὲναλλομένων
1672 428 1732 458 τοῖς
1750 427 1858 461 νόμοις,

1061 478 1126 512 παρ’
1150 476 1196 507 οὒς
1213 476 1326 511 ἄρχουσι
1353 475 1402 510 τῆς
1430 473 1543 500 ἑαυτῶν.
1561 473 1627 508 Παρ¹
1642 471 1689 503 οὓς
1704 472 1752 504 ἐφ’
1779 472 1858 506 ἡμῖν,

1061 524 1154 558 ὥσπερ
1163 523 1208 549 ἐπὶ
1224 523 1353 557 κτήμασι,
1362 519 1672 554 δανείζονταιχρήματα.
1685 518 1820 552 Στήσατε
1834 516 1861 541 τὸ

1062 570 1155 596 κακόν.
1181 570 1330 603 ’Λρχοντας
1358 568 1422 602 ἡμῖν
1450 565 1652 601 νομιμωτέρους
1679 563 1861 598 ἐκπέμψατε,

1061 615 1244 650 ἀγνοοῦντας,
1262 613 1479 648 ἀγνοουμένους,
1502 613 1561 643 ταῖς
1588 611 1718 645 φύσεσιν,
1748 610 1782 636 οὗ
1806 610 1864 640 τοῖς

1063 663 1128 697 περὶ
1153 662 1268 689 ἕκαστον
1290 661 1387 688 πάθεσι
1407 660 1442 686 τὰ
1467 659 1617 694 πράγματα
1630 656 1795 691 κρίνοντας.
1821 655 1864 687 Ὧς

1062 709 1097 735 τὰ
1124 708 1188 739 νῦν,
1211 708 1298 734 ταῦτα
1312 716 1318 722 ·
1334 706 1466 733 καταπλεῖ
1486 704 1616 738 δεσπότης
1636 705 1650 729 ὸ
1665 702 1768 738 7thdi
1788 703 1866 728 ἀντι-

1064 754 1278 789 πολιτευόμενος,
1302 753 1349 779 καὶ
1371 752 1419 787 τὴν
1436 753 1465 778 ὲν
1495 750 1616 784 πολιτείᾳ
1638 747 1780 783 διαφορὰν
1810 747 1866 773 ἀπὸ

1063 800 1110 827 τοῦ
1135 800 1255 835 βήματος
1274 799 1444 833 ἀγωνίζεται.
1470 797 1537 823 Ὀσσ
1562 796 1590 822 δὲ
1614 795 1680 821 ἄλλα.
1712 793 1866 828 παραϐλα-

1065 847 1155 873 στάνει
1181 845 1255 872 κακὰ
1267 852 1273 859 ·
1290 844 1496 877 συκοφαντεῖται
1523 841 1668 876 συμπόσια,
1683 840 1733 866 καὶ
1746 840 1865 873 γυναικὶ

1063 892 1160 918 δίδοται
1177 891 1265 926 χάρις,
1280 891 1296 925 ἡ
1316 889 1362 916 τοῦ
1378 888 1485 915 πολίτου
1512 886 1652 921 συμφοράν
1669 885 1717 912 καὶ
1734 884 1865 919 κατήγο-

1065 947 1110 974 ρος
1125 937 1300 967 ἐκκέλευστος
1315 944 1321 950 '
1332 935 1361 967 ὃς
1372 935 1435 961 δ’ἆν
1449 934 1487 970 μὴ
1504 933 1641 969 γράψηται
1653 931 1710 967 [γρ.
1723 931 1756 962 ὃς
1770 930 1807 957 ἂν
1827 931 1863 966 μὴ

1064 982 1169 1019 γράφῃ]
1187 982 1362 1017 παρανόμων,
1378 981 1506 1011 ἑάλωκεν,
1522 980 1546 1006 εἰ
1569 978 1606 1013 μὴ
1631 978 1678 1004 καὶ
1704 977 1776 1012 πρὶν
1791 977 1862 1003 ἁλῶ-

1064 1038 1108 1055 ναι
1123 1028 1157 1054 τὰ
1179 1028 1233 1054 τῶν
1250 1026 1408 1053 ἑαλωκότων
1430 1025 1585 1059 ὑπέμεινεν.
1610 1021 1809 1057 Ἐθεασάμεθα
1821 1021 1860 1047 δε-

1066 1075 1177 1110 σμώτην
1196 1074 1249 1101 ἀπὸ
1271 1073 1326 1109 [γρ.
1346 1072 1409 1107 ὑπὸ]
1424 1071 1517 1098 τούτου
1528 1070 1682 1105 γενόμενον,
1699 1070 1742 1095 ὃτι
1764 1069 1804 1104 μὴ
1818 1068 1858 1094 τὸν

1066 1121 1128 1156 ἄρτι
1141 1121 1313 1154 παυσάμενον
1329 1118 1380 1153 τῆς
1408 1117 1522 1153 ἀρίστης
1541 1117 1626 1151 ἀρχῆς
1645 1115 1693 1141 ὲπὶ
1706 1114 1801 1149 κλοπῇ
1815 1114 1858 1148 δη-

1069 1165 1169 1201 μοσίων
1193 1164 1298 1191 ἐδίωκε,
1316 1164 1422 1190 Μᾶλλον
1444 1162 1472 1189 δὲ
1492 1161 1585 1188 τοῦτον
1606 1159 1666 1187 οὐδὲ
1687 1159 1858 1194 τεθεάμεθα,

1068 1211 1124 1238 ἀλλ’
1146 1211 1277 1245 ἀπείρητο
1294 1209 1435 1245 προσιέναι
1461 1207 1586 1242 καθάπερ
1610 1207 1666 1238 τοῖς
1689 1204 1859 1239 ἔναγέσιν,ἢ

1067 1259 1123 1290 τοῖς
1146 1256 1277 1291 βασιλέως
1300 1255 1416 1290 ἐχθροῖς,
1434 1254 1487 1285 ἕως
1511 1252 1689 1288 διεπράξαντο
1715 1252 1772 1278 πᾶν
1800 1251 1861 1278 ὅσον

1069 1303 1207 1330 ἐϐούλοντο
1220 1309 1226 1316 ·
1240 1301 1288 1327 καὶ
1305 1300 1350 1326 τὸν
1369 1299 1443 1334 ἥλιον
1455 1296 1522 1325 εἶδεν
1539 1298 1585 1324 ἐπὶ
1597 1297 1688 1332 ῥητοῖς
1702 1296 1860 1331 ἄνθρωπος,

1069 1349 1111 1382 ἐφ’
1125 1345 1147 1382 ᾧ
1173 1347 1311 1373 Γεννάδιον
1326 1344 1457 1381 ἔγραψεν.
1480 1344 1549 1370 Ἀλλ’
1568 1344 1619 1378 ἥγε
1646 1342 1773 1377 ἡμετέρα
1794 1342 1860 1368 Πεν-

1070 1393 1179 1424 τάπολις
1194 1391 1335 1418 Γενναδίου
1349 1391 1398 1426 μὲν
1413 1389 1458 1416 τοῦ
1479 1389 1565 1425 Σύρου
1580 1388 1666 1416 πολλὰ
1686 1387 1736 1413 ἐπὶ
1753 1387 1860 1414 πολλῶν

1070 1440 1175 1466 ὤνατο·
1191 1439 1238 1466 καὶ
1263 1438 1294 1464 τὸ
1315 1436 1503 1472 μέγιστον,ὃτι
1532 1435 1579 1462 καὶ
1604 1435 1677 1468 λόγῳ
1706 1434 1755 1460 καὶ
1772 1434 1862 1460 πειθοῖ

1071 1485 1119 1520 τὴν
1146 1484 1232 1520 ἀρχὴν
1246 1483 1405 1518 ἐπιτρέψας,
1420 1481 1512 1508 ἔλαθεν
1539 1480 1611 1516 ἡμᾶς
1629 1480 1683 1506 τῶν
1703 1479 1861 1513 ὰπηνεστᾱσ

1072 1540 1126 1558 των
1151 1539 1179 1556 τε
1189 1551 1196 1563 ,
1211 1530 1257 1556 καὶ
1271 1527 1490 1563 ὸνομαστοτάτων
1505 1527 1551 1553 ἐπὶ
1571 1524 1735 1560 σκληρότητι
1750 1524 1863 1550 πλείονα

1073 1577 1202 1612 χρήματα
1213 1577 1272 1606 ταῖς
1289 1574 1431 1609 δημοσίαις
1443 1573 1543 1607 ψήφοις
1562 1569 1735 1604 εἰσενεγκὼν.
1749 1569 1812 1603 Ἐφ’
1825 1566 1863 1600 οἷς

1074 1621 1160 1652 οὐδεὶς
1185 1620 1332 1654 ἐδάκρυσεν
1348 1619 1391 1653 ἐφ’
1405 1617 1445 1649 οἷς
1459 1617 1547 1648 οὐδεὶς
1561 1615 1674 1642 ἀπέδοτο
1699 1614 1748 1640 τὸν
1764 1614 1862 1650 ἀγρόν.

1081 1666 1203 1700 Ἐκείνην
1216 1665 1248 1691 ἄν
1265 1673 1306 1695 τις
1326 1662 1455 1698 είσφορᾶν
1472 1661 1569 1695 εὐσεὸἧ
1584 1660 1693 1690 δικαίως
1719 1659 1863 1690 ἐκάλεσεν,

1074 1712 1107 1748 ἢν
1134 1711 1181 1745 οὐχ
1203 1710 1280 1744 ὕϐρις
1307 1710 1323 1745 ἦ
1345 1708 1444 1744 μάστιξ
1462 1707 1610 1741 ἠνάγκασε.
1624 1705 1664 1731 Τὰ
1678 1704 1707 1730 δὲ
1723 1705 1793 1739 περὶ
1811 1704 1864 1730 τῶν

1072 1756 1200 1787 πολιτῶν,
1214 1755 1263 1789 φεῦ
1273 1757 1321 1790 τῆς
1337 1755 1445 1789 μνήμης
1461 1752 1515 1779 τῶν
1536 1750 1728 1785 παυσαμένων’
1744 1750 1800 1784 φεῦ
1816 1749 1864 1783 τῆς

1073 1804 1170 1838 πείρας
1178 1802 1231 1829 τῶν
1243 1801 1398 1837 ὁρωμένων.
1408 1800 1489 1826 Οὐδὲν
1499 1797 1545 1826 οὖν
1556 1797 1630 1830 ἀξιοΰ
1635 1805 1683 1832 μεν
1690 1795 1798 1826 καινὸν,

1075 1850 1143 1884 ὑπὲρ
1157 1849 1211 1875 τῶν
1227 1848 1315 1883 νόμων
1336 1846 1475 1880 Ἀνθέμιον
1489 1843 1655 1878 ἱκετεύομεν·
1671 1841 1747 1877 ὑπὲρ
1760 1841 1818 1867 τῶν
1827 1840 1864 1867 νό-

1078 1905 1134 1930 μων
1148 1896 1194 1921 τὺν
1204 1894 1306 1920 τούτων
1324 1892 1430 1927 φύλακα
1441 1899 1447 1906 ·
1462 1887 1499 1916 ὧν
1514 1890 1588 1922 ἄξιον
1602 1887 1651 1923 μὲν
1662 1886 1798 1913 αξδεῖσοαι
1817 1886 1862 1920 τὴν

1079 1939 1254 1975 ἀρχαιότητα.
1277 1938 1369 1973 Νόμου
1382 1936 1436 1972 γὰρ
1451 1935 1482 1970 δὴ
1500 1935 1546 1961 καὶ
1572 1933 1650 1960 τοῦτο
1669 1932 1816 1967 σεμνότης.
1834 1932 1862 1958 El

1080 1984 1107 2009 δέ
1119 1992 1157 2018 τῳ
1171 1984 1254 2014 δοκεῖ,
1269 1982 1323 2007 τῶν
1337 1980 1529 2014 διαταγμάτων
1548 1977 1602 2013 (15)
1623 1977 1657 2003 τὰ
1674 1976 1807 2011 νεώτερα,
1816 1976 1861 2010 τὴν

1079 2029 1115 2060 ὡς
1126 2029 1158 2055 ἂν
1169 2029 1240 2054 εἴποι
1252 2037 1293 2059 τις
1304 2027 1423 2062 ἔμψυχον
1438 2026 1477 2051 ἔτι
1492 2023 1632 2059 βασιλείαν
1645 2022 1857 2057 ἐπιγραφόμενα.

240 2082 433 2118 appellaverit,
461 2089 542 2116 quam
563 2089 616 2108 non
634 2081 745 2115 injuria,
768 2087 814 2109 aut
836 2083 950 2110 verbera
985 2085 1113 2120 ingratiis
1138 2088 1325 2112 extorscrunt.
1364 2081 1442 2115 Quod
1479 2088 1543 2107 vero
1576 2079 1608 2106 ad
1641 2078 1714 2105 cives
1744 2079 1858 2106 attinet;

240 2130 293 2157 heu
309 2130 510 2165 praeteritorum
528 2131 707 2157 memoriam!
742 2131 794 2156 heu
820 2131 1036 2165 experimentum

1074 2131 1266 2167 praesentium!
1292 2130 1364 2157 Nihil
1387 2137 1451 2163 ergo
1484 2135 1582 2156 novum
1605 2127 1794 2162 postulamus,
1818 2124 1860 2152 sed

242 2183 291 2210 pro
310 2176 416 2211 legibus
432 2177 607 2204 Anthemium
628 2177 826 2211 deprecamur;
848 2184 897 2211 pro
917 2177 1031 2212 legibus,
1051 2179 1174 2213 inquam.
1191 2185 1286 2205 earum
1303 2176 1456 2208 custodem,
1475 2182 1590 2209 quarum
1616 2176 1782 2201 vetustatem
1804 2172 1861 2207 qui-

242 2223 303 2250 dem
326 2222 446 2250 revereri
474 2222 613 2249 convcnit.
637 2223 717 2257 222
743 2222 823 2258 chis
838 2223 910 2249 enim
926 2229 969 2250 cst
1003 2224 1048 2250 illa
1068 2232 1179 2259 quoque
1206 2224 1337 2258 dignitas.
1358 2223 1412 2249 Aut
1436 2222 1458 2248 si
1491 2222 1529 2248 ita
1558 2220 1687 2254 cuiquam
1712 2219 1860 2245 videatur:

241 2267 416 2295 decretorum
435 2268 517 2295 etiam
536 2268 688 2295 recentiora
705 2276 819 2302 qumque
833 2276 839 2294 :
852 2276 912 2303 qua:
934 2268 1024 2295 vivum
1045 2269 1145 2301 adhuc.
1161 2275 1198 2302 et,
1214 2275 1243 2296 ut
1258 2270 1294 2296 ita
1312 2268 1415 2299 dicam.
1430 2267 1582 2294 animatum
1604 2273 1720 2300 regnum
1752 2272 1807 2298 pra:
1836 2270 1864 2289 sc

243 2314 315 2342 ferre
333 2313 471 2341 videntur.

484 2378 650 2406 EPISTULA
670 2378 788 2407 LXXIV.

562 2445 715 2481 Pylwmem'.

279 2501 355 2537 Opus
372 2502 405 2529 ad
423 2505 450 2529 te
461 2502 524 2529 misi
538 2502 628 2529 Attico
641 2501 775 2536 imprimis
791 2501 884 2536 lepore
908 2508 941 2528 ac
968 2500 1031 2528 dili-

245 2552 341 2583 genter
357 2547 558 2575 elucubratum.
579 2546 658 2580 Quod
682 2547 705 2574 si
729 2551 831 2575 teretes
851 2550 879 2574 et
902 2545 1031 2574 acerrimi

246 2592 341 2627 iudicii
360 2592 524 2628 Pylaemenis
542 2600 625 2621 aures
649 2592 846 2628 probaverint,
863 2592 916 2620 hoc
938 2592 1030 2627 ipsum

1046 2361 1068 2389 D

1348 2371 1517 2399 ΕΠΙΣΤΟΛΗ
1542 2372 1600 2398 ΟΔν.

1384 2437 1574 2473 Πυλαιμένει.

1123 2496 1254 2533 Ἔπεμψά
1266 2505 1307 2523 σοι
1319 2495 1364 2522 τὸν
1375 2495 1454 2528 λόγον
1468 2493 1661 2527 ’Δττικουργῆ,
1677 2491 1728 2526 τῆς
1742 2491 1867 2523 nemo");

1084 2543 1225 2580 ἐργασίας.
1242 2542 1291 2568 Ὃν
1304 2541 1337 2568 ἂν
1360 2541 1409 2576 μὲν
1424 2538 1554 2573 ἐπαινέσῃ
1564 2536 1739 2572 Πυλαιμὲνης
1752 2536 1770 2571 ὴ
1786 2538 1868 2571 ξριτι-

1084 2589 1193 2622 κωτάτη
1206 2587 1260 2615 τῶν
1274 2585 1374 2619 ἀκοῶν,
1395 2585 1461 2611 αὐτὸ
1473 2583 1553 2611 τοῦτο
1567 2584 1602 2617 τῇ
1622 2581 1734 2617 διαδοχῇ
1750 2580 1797 2607 τοῦ
1810 2581 1868 2616 χρό-

867 2680 959 2709 DION.
979 2679 1116 2709 PETAVII
1135 2678 1253 2709 NOTAE.

261 2761 263 2763 μ
278 2776 343 2815 ’(13)
360 2777 395 2803 Ei
411 2776 445 2803 δέ
454 2775 614 2815 ’πρ-δοκεῖ,-
628 2774 689 2815 τίὲν
702 2774 916 2815 διιιιτιιιημιίτιιθνἶ
938 2772 1017 2800 Deess

1077 2772 1160 2810 liquid
1172 2772 1278 2808 opinor.
1294 2770 1323 2798 ln
1341 2768 1468 2798 omnibus
1486 2773 1568 2803 porro
1584 2772 1651 2793 mss.
1672 2767 1731 2792 erat
1765 2764 1865 2799 ιπιγρα-

250 2809 366 2846 φόμενα,
385 2815 413 2839 et
428 2811 460 2838 ad
479 2810 553 2842 ἄξιον
572 2809 702 2837 αἰδεῖσθαι
717 2809 811 2837 referri
830 2812 929 2844 potest.
