3838 6236
160 313 316 370 1441
1310 316 1697 374 EPISTOLxI‘l.
1733 347 1798 360 -ι
1830 313 2047 369 EPIS'I'.
2082 313 2336 371 LXXVII.
3293 313 3431 368 l-i-iﬂ

151 451 257 488 νου
313 434 636 504 συνέστησεν
661 449 674 462 ·
706 437 753 488 εἰ
796 437 851 490 δὲ
901 435 1068 507 μηδὲν
1119 440 1368 505 φανεῖται
1429 437 1741 502 σπουδαῖον,

1857 441 2164 503 temporum
2213 433 2348 488 illud
2391 433 2667 488 memoriae
2697 431 3136 498 commendabit;
3171 431 3255 486 sin
3296 431 3434 485 nihil

151 523 344 590 ἔξεστι
371 525 543 594 δήπου
569 525 781 590 παίζειν
812 527 879 580 τὰ
911 530 1155 594 παίγνια.

1861 527 1914 579 in
1975 542 2045 580 eo
2087 525 2272 580 studio
2319 527 2543 597 dignum
2590 526 2844 590 videtur,
2896 525 3024 580 licet
3070 523 3320 596 profecto
3375 524 3434 578 in

1858 617 2089 674 ludicris
2139 617 2349 674 ludere.
2661 621 2678 631 ’

2343 729 2682 785 EPISTULA
2721 728 2935 786 LXXV.

2495 840 2791 897 Nicandro.

711 724 1056 780 ΕΠΙΣΤΟΛΗ
1095 729 1215 784 UE'.

793 840 1042 908 Νικάνδέ
1057 860 1123 907 ῳ.

230 953 646 1024 Τοὺπίγραμμά
698 971 790 1007 σου
824 954 885 1008 τὸ
922 954 1132 1008 κλεινόν
1180 957 1226 1026 (l
1243 957 1313 1021 4).
1359 958 1484 1021 Πῶς
1531 959 1640 1029 γὰρ
1686 958 1748 1011 οὗ

153 1045 395 1110 κλεινὸν,
419 1048 558 1116 ὅπερ
585 1047 614 1099 ὁ
637 1047 810 1116 μέγας
843 1049 1072 1119 ἐπῄνεσε
1095 1047 1394 1120 Νίκανδρος
1414 1067 1428 1115 ς

160 1227 284 1296 Τῆς
327 1228 568 1298 χρυσῆς
604 1229 780 1282 εἰκὼν
812 1229 850 1296 ἢ
893 1229 1214 1298 Κύπριδος,
1242 1229 1280 1298 ἢ
1307 1233 1707 1299 Στρατονίκης
1731 1251 1746 1264 ο

153 1319 452 1372 ἐπίστασαι
484 1319 718 1382 πάντως,
750 1320 828 1373 ὅτι
853 1321 946 1372 καὶ
978 1323 1053 1384 εἰς
1090 1323 1228 1392 ἐμὴν
1257 1323 1490 1392 ἀδελφὴν
1523 1325 1750 1394 ἐποιήθη

159 1410 299 1480 παρ’
331 1410 462 1480 ἐμοῦ
505 1410 646 1473 τότε,
679 1411 829 1482 παρά
874 1413 969 1465 τοῦ
1015 1413 1196 1483 στίχου
1237 1413 1440 1484 μαθών.
1475 1415 1656 1486 Ταύτῃ
1681 1419 1748 1487 τῇ

154 1501 398 1571 φιλτάτῃ
421 1518 524 1571 μου
553 1503 660 1556 τῶν
689 1503 951 1572 ἀδελφῶν,
973 1505 1039 1575 ἢν
1062 1505 1274 1575 καὶτῆς
1296 1506 1500 1570 εἰκόνος
1518 1507 1748 1576 ἠξίωσα,

1927 958 2149 1028 Insigne
2207 959 2340 1012 illud
2386 966 2540 1012 tuum
2581 957 2919 1027 epigramma
2951 974 2964 1010 :
2995 956 3088 1026 qui
3130 957 3274 1010 enim
3323 969 3433 1012 non

1857 1048 2074 1119 insigne
2148 1048 2406 1113 dicatur,
2476 1048 2623 1117 quod
2687 1062 2920 1118 magnus
2973 1045 3247 1101 Nicander
3317 1047 3434 1100 lau-

1857 1139 2112 1193 daveriti

1857 1231 1962 1284 Aut
1999 1229 2234 1300 pulchra:
2271 1229 2460 1299 efﬁgies
2500 1229 2611 1282 hac
2643 1227 2918 1296 Cypridis,
2954 1235 3044 1280 aut
3069 1225 3434 1288 Stratoniccs;

1859 1324 2002 1378 nosti
2040 1323 2268 1376 omnino
2321 1323 2495 1378 fuisse
2532 1338 2562 1374 a
2607 1338 2696 1376 me
2729 1330 2862 1376 tunc
2906 1321 2962 1374 in
2994 1335 3244 1375 sororem
3285 1321 3432 1375 scri-

1859 1423 2010 1484 ptum
2040 1432 2054 1480 ;
2089 1415 2254 1484 idque
2304 1415 2389 1469 vel
2417 1430 2484 1469 ex
2530 1414 2806 1469 versiculo
2838 1412 3141 1480 intelligere
3180 1412 3430 1481 potuisti.

1859 1506 2037 1576 Hujus
2077 1506 2212 1560 mihi
2250 1521 2504 1561 sororum
2539 1505 2915 1569 charissima,
2941 1520 3106 1575 quam
3136 1512 3190 1558 et
3223 1513 3432 1568 statua,

153 1593 256 1646 καὶ
304 1593 398 1646 τοῦ
458 1594 665 1663 στίχου,
696 1594 972 1658 Θεοδόσιος
1004 1597 1032 1648 ό
1085 1595 1352 1667 βασιλέως
1402 1599 1741 1670 ὑπασπιστὴς

1857 1603 1913 1650 et
1940 1597 2186 1651 carmine
2223 1596 2484 1665 dignatus
2517 1610 2638 1650 sum
2663 1635 2679 1660 ,
2732 1595 2937 1664 conjux
2969 1605 3054 1650 est
3087 1593 3432 1649 Theodosius

153 1685 431 1748 σύνοικος,
464 1685 628 1739 ἕνεκα
658 1687 756 1756 μὲν
782 1687 876 1740 τοῦ
909 1689 1127 1760 χρόνου,
1156 1689 1250 1742 καὶ
1276 1691 1376 1759 τῆς
1405 1691 1463 1742 ἐν
1497 1692 1741 1762 στρατείᾳ

1861 1687 2216 1758 imperatoris
2251 1694 2533 1757 protector
2560 1704 2575 1742 :
2603 1687 2731 1756 qui,
2766 1687 2814 1741 si
2842 1687 3263 1741 diuturnitatem
3293 1693 3431 1740 tem-

153 1779 507 1849 προσεδρίας,
535 1778 638 1832 κᾶν
693 1779 1066 1850 ἐπροστάτησε
1104 1780 1304 1833 πάλαι·
1341 1781 1400 1832 ai
1431 1780 1486 1832 δὲ
1519 1781 1741 1835 σπουδαὶ

1866 1779 2018 1850 poris
2037 1819 2053 1845 ,
2083 1787 2138 1833 et
2165 1779 2550 1835 assiduitatem
2583 1778 2792 1833 militia:
2819 1787 3038 1850 spectes
3058 1817 3075 1843 ,
3106 1778 3429 1848 jamdudum

153 1869 323 1921 πλέον
360 1870 613 1924 δύνανται
666 1871 777 1924 τῶν
822 1874 1104 1928 ἐνιαυτῶν.
1146 1875 1331 1946 Ταύτῃ
1370 1892 1429 1928 τε
1481 1871 1574 1929 οῦν
1626 1876 1741 1945 ὄφε-

1857 1872 2159 1942 principem
2199 1872 2401 1926 habere
2458 1871 2640 1925 locum
2700 1870 3003 1936 debuerat,
3055 1870 3152 1925 sed
3197 1869 3350 1924 favor
3377 1877 3434 1925 et

151 1957 248 2022 λος
293 1959 443 2029 αὐτῷ
467 1961 649 2028 γενοῦ,
682 1963 786 2016 κᾶν
831 1966 950 2027 ταῖς
979 1964 1177 2029 δίκαις,
1209 1966 1263 2020 εἴ
1289 1983 1435 2030 τινες
1462 1961 1572 2019 εἷεν
1601 1967 1741 2039 αὐτῷ

1857 1965 2025 2033 gratia
2060 1963 2348 2033 plusquam
2375 1975 2646 2016 annorum
2673 1961 2814 2015 ratio
2838 1962 3001 2016 valet.
3035 1960 3148 2016 liae
3179 1970 3236 2015 tu
3266 1960 3432 2030 igitur

154 2049 296 2120 πρὸς
361 2051 644 2123 ’Λνθέμιον
667 2071 682 2085 ·
707 2054 919 2109 όνάσθω
961 2055 1019 2108 δέ
1047 2074 1101 2109 τι
1142 2054 1237 2109 τοῦ
1276 2056 1512 2127 μεγάλου
1545 2059 1749 2112 Νικάν-

153 2141 306 2212 δρου.

687 2374 1030 2429 ΕΠΙΣΤΟΛΙΙ
1083 2378 1220 2444 θεῖ’.

820 2494 1106 2562 Θεοφίλῳ.

243 2621 552 2688 Ὀλϐιάταις
579 2621 756 2696 (οὗτοι
781 2626 838 2680 δὲ
867 2627 1038 2698 δῆμός
1078 2632 1182 2683 είσι
1213 2631 1495 2703 κωμήτης)
1527 2632 1744 2705 ἐδέησεν

159 2713 425 2785 αἱρέσεως
454 2709 774 2779 ἐπισκόπου,
792 2718 884 2771 τοῦ
913 2723 1330 2791 μακαριωτάτου
1360 2725 1564 2796 πατρὸς
1589 2726 1747 2780 Ἀθά-

165 2822 369 2877 μαντος
425 2807 501 2879 τῷ
551 2808 752 2882 μακρῷ
791 2809 889 2882 βίῳ
916 2812 1014 2881 τὴν
1055 2813 1356 2884 ἱερωσύνην
1404 2816 1744 2884 συγκαταλύ-

167 2915 378 2964 σαντος.
423 2902 852 2956 Ἐπεκαλέσαντο
878 2903 940 2974 δὴ
969 2903 1111 2974 κάμὲ
1129 2947 1143 2966 ,
1169 2905 1422 2958 κοινωνὸν
1447 2908 1630 2970 αὐτοῖς
1651 2924 1744 2976 γε·

163 2989 351 3043 νέσθαι
394 2991 487 3044 τοῦ
521 2993 856 3063 σκέμματος.
895 2996 1005 3048 Καὶ
1046 2995 1314 3066 συνήσθην
1352 2995 1451 3066 μὲν
1485 2997 1742 3068 ἀνδράσιν

163 3081 228 3131 ἐκ
270 3080 476 3132 πολλῶν
505 3082 598 3134 καὶ
655 3083 1123 3152 πάντων’ἀγαθῶν
1153 3085 1497 3155 ποιουμένοις
1521 3087 1619 3158 τὴν
1655 3088 1741 3140 αἶ-

1851 2055 2006 2109 illum
2039 2063 2198 2124 parte
2248 2053 2598 2120 sublevabis;
2639 2068 2855 2109 necnon
2891 2054 2946 2108 in
2991 2053 3199 2117 causis,
3231 2053 3280 2109 si
3310 2067 3432 2123 quae

1851 2146 1929 2200 illi
1973 2146 2183 2200 iuerint
2219 2145 2365 2216 apud
2412 2145 2768 2202 Anthemium
2791 2184 2808 2209 ,
2852 2146 3084 2201 omnino
3116 2161 3350 2218 magnus
3377 2145 3430 2200 ei

1849 2234 2127 2292 Nicander
2165 2238 2350 2308 aliqua
2390 2237 2445 2292 in
2487 2252 2548 2293 re
2577 2235 2897 2307 adiumento
2933 2237 3028 2294 sit.

2328 2368 2675 2426 EPISTOLA
2709 2367 2946 2426 LXXVI.

2469 2484 2779 2556 Theophila.

1917 2622 2152 2679 Olbiatis
2203 2621 2351 2688 (vici
2388 2620 2676 2692 cujusdam
2724 2620 2814 2675 hic
2862 2619 3099 2692 populus
3131 2622 3258 2692 est)
3307 2623 3426 2692 epi-

1847 2715 1999 2786 scopi
2031 2715 2314 2772 creatione
2360 2730 2501 2786 opus
2537 2716 2675 2778 fuit,
2713 2731 2837 2770 cum
2871 2715 3227 2770 beatissimus
3262 2715 3424 2770 Pater

1845 2809 2109 2862 Athamas
2153 2806 2399 2877 longiore
2444 2807 2556 2860 vita
2597 2806 2810 2875 pariter
2858 2815 2912 2860 et
2963 2805 3272 2860 sacerdotio
3302 2805 3426 2859 fun-

1847 2908 1974 2953 ctus
2004 2906 2172 2954 esset.
2218 2898 2299 2952 Me
2335 2899 2504 2968 igitur
2537 2899 2590 2952 in
2624 2898 2793 2964 hujus
2824 2898 3240 2953 deliberationis
3268 2911 3425 2951 com-

1854 2993 2168 3045 tnunionem
2217 2990 2576 3044 advocarunt.
2618 2991 2727 3059 Ego
2764 3006 2896 3045 vero
2946 2991 3255 3060 gratulatus
3300 3005 3422 3044 sum

1849 3084 2166 3138 hominibus
2186 3125 2200 3148 ,
2239 3083 2383 3152 quod
2416 3099 2446 3137 e
2498 3083 2687 3137 multis
2707 3123 2722 3145 ,
2769 3082 2950 3152 iisque
2977 3083 3138 3138 bonis
3167 3083 3424 3136 omnibus

166 3188 316 3241 ρεσιν
339 3189 351 3201 ο
377 3172 510 3225 πολὺ
541 3173 596 3226 δέ
633 3175 793 3226 πλέον
833 3135 1099 3246 Ἀντωνίῳ
1123 3135 1393 3249 συνήσθιην
1425 3135 1525 3248 της
1578 3135 1738 3233 καλο-

1857 3175 2121 3230 delectum
2160 3175 2549 3240 instituerent;
2599 3174 2695 3230 sed
2751 3175 2926 3228 multo
2973 3175 3148 3243 magis
3181 3175 3423 3228 Antonio

165 3263 448 3329 καγαθίας,
479 3264 557 3318 ὅτι
591 3267 681 3318 καὶ
721 3267 901 3318 καλῶν
941 3269 1116 3334 ἔδοξεν
1156 3268 1294 3323 εἶναι
1318 3271 1570 3324 καλλίων.
1618 3272 1741 3325 Ἐπὶ

164 3353 275 3424 γάρ
301 3354 484 3406 τοῦτον
516 3357 549 3426 ἡ
571 3356 848 3427 πάνδημος
879 3358 1058 3427 ψῆφος
1082 3361 1303 3431 ἠνέχθη.
1331 3361 1740 3430 Προστεθέντων

162 3443 222 3495 δὲ
254 3445 344 3495 καὶ
371 3444 514 3497 δυοῖν
553 3445 960 3499 εὐλαϐεστάτων
992 3448 1306 3501 ἐπισκόπων
1324 3451 1388 3519 τῇ
1423 3449 1614 3520 γνώμῃ
1645 3449 1739 3502 τοῦ

165 3532 423 3600 πλήθους,
463 3529 542 3598 οἷς
565 3535 985 3608 συνετέθραπτο,
1015 3539 1107 3592 καὶ
1138 3532 1212 3592 ὧν
1237 3541 1302 3610 τῇ
1332 3538 1558 3610 θατέρου
1599 3540 1741 3612 χειρὶ

165 3623 532 3695 πρεσϐύτερος
559 3625 902 3680 ἀπεδέδεικτο
932 3644 946 3658 ο
979 3627 1272 3699 ἐτύγχανον
1314 3629 1411 3699 μὲν
1443 3629 1550 3682 οὐδ’
1582 3630 1741 3693 αὐτὸς

165 3715 376 3784 ἀγνοῶν
417 3717 556 3770 πάνυ
611 3716 699 3770 τὸν
743 3717 1055 3784 Ἀντώνιον,
1099 3720 1234 3773 ἀλλὰ
1277 3720 1344 3773 δι’
1379 3721 1518 3773 ὅσων
1578 3720 1740 3774 αὐτὸν

165 3806 338 3874 ἔγνων
386 3806 558 3874 λόγων
591 3809 684 3860 καὶ
731 3807 1000 3876 πράξεων,
1034 3810 1122 3863 διὰ
1152 3809 1420 3863 τοσούτων
1466 3809 1738 3879 ἐπῄνεσαο

167 3898 423 3970 προσθεὶς
471 3899 528 3952 δὲ
572 3896 652 3964 οἷς
698 3905 1014 3972 ἠπιστάμην
1058 3903 1278 3966 καλοῖς,
1325 3903 1467 3973 ἅπερ
1509 3905 1737 3974 ἥκουσα,

168 3991 318 4061 φέρω
348 3991 502 4060 κάγὼ
527 3993 628 4064 τὴν
678 3994 914 4063 ἐμαυτοῦ
952 3995 1130 4066 ψῆφον
1159 3995 1252 4048 ἐπὶ
1281 3995 1373 4048 τὸν
1403 3995 1587 4067 ἄνδρα.
1632 3996 1741 4050 Καὶ

167 4084 362 4150 γένοιτ’
397 4083 461 4136 ἄν
514 4101 604 4153 μοι
658 4083 962 4156 βουλομένῳ
1012 4085 1265 4139 κοινωνὸν
1311 4085 1471 4138 αὑτὸν
1523 4088 1601 4149 εἰς
1642 4085 1740 4156 τὴν

166 4173 424 4244 ὁμότιμον
459 4174 756 4246 ἱερωσύνην
777 4175 1191 4247 προσδέξασθαι.
1229 4177 1376 4241 Ἐνὸς
1403 4173 1495 4230 οῦν
1522 4177 1600 4230 ἔτι
1638 4177 1737 4239 δεῖ,

166 4263 263 4316 τοῦ
296 4264 629 4336 κυριωτάτου
665 4266 848 4335 μέντοι
868 4305 885 4332 ,
915 4267 1013 4336 τῆς
1053 4268 1202 4338 ἱερᾶς
1253 4285 1344 4321 σου
1376 4268 1576 4339 χειρός.
1607 4267 1740 4322 Τού-

170 4372 263 4408 του
295 4355 392 4425 μὲν
435 4355 744 4420 Ὀλϐιὰταις
770 4358 850 4410 δεῖ
872 4372 884 4388 ·
917 4358 1039 4427 ἐμοὶ
1057 4358 1116 4411 δὲ
1145 4356 1338 4428 εὐχῶν.

711 4708 1060 4766 ΕΠΙΣΤΟΛΗ
1093 4715 1211 4768 ΟΖ¹.

825 4822 1092 4890 Ἀνυσίῳ.

240 4952 350 5006 Οὐκ
377 4952 548 5007 ἐθέλει
572 4955 886 5026 περιμένειν
917 4953 1032 5026 [πρ.
1055 4953 1416 5028 παραμένειν]
1445 4955 1648 5027 ἄλληλα
1674 4956 1737 5010 τὸ

174 5043 285 5112 φῶς
311 5035 402 5097 καὶ
433 5044 493 5098 τὸ
521 5045 709 5109 σκότος
735 5061 750 5075 °
778 5046 913 5100 ἀλλὰ
939 5047 1088 5117 νόμῳ
1117 5046 1330 5116 φύσεως
1365 5047 1733 5117 περιίσταται.

187 5134 593 5199 Ἐπανελθόντες
621 5136 729 5190 ἀπὺ
769 5135 870 5207 τῆς
904 5139 1001 5208 σῆς
1041 5137 1267 5207 πομπῆς
1293 5133 1433 5208 [15],
1476 5136 1741 5208 ’Δνδρόνι-

171 5242 266 5280 κον
285 5225 672 5297 κατελάϐομεν.

1848 3266 1915 3319 de
1939 3281 2039 3320 sua
2091 3265 2365 3335 probitate
2442 3281 2566 3321 sum
2625 3266 2974 3335 gratulatus,
3038 3268 3183 3336 quod
3261 3266 3422 3320 bonis

1848 3358 2042 3412 melior
2089 3357 2366 3427 judicatus
2422 3363 2596 3412 esset.
2651 3355 2788 3410 Nam
2849 3357 2902 3410 in
2951 3372 3076 3412 eum
3129 3371 3420 3412 commune

1847 3450 2088 3503 omnium
2121 3448 2439 3519 suﬂ‘ragium
2465 3449 2729 3503 collatum
2762 3457 2868 3515 est,
2905 3463 3138 3518 eumque
3179 3465 3238 3504 se
3273 3451 3418 3516 mulc

1847 3540 2102 3594 titudinis‘
2137 3541 2421 3595 sententia:
2464 3539 2574 3593 duo
2621 3539 3016 3609 religiosissimi
3051 3539 3291 3609 episcopi
3331 3541 3419 3594 ad-

1841 3630 2177 3699 junsissent,
2205 3629 2536 3699 quibuscum
2557 3629 2846 3691 educatus,
2868 3638 2919 3683 et
2942 3643 3174 3698 quorum
3189 3629 3418 3684 alterius

1848 3736 2014 3774 inanu
2065 3721 2323 3775 sacerdos
2360 3730 2717 3775 consecratus
2753 3719 2932 3774 fuerat
2976 3738 2989 3774 :
3033 3735 3101 3774 ne
3149 3721 3266 3789 ipse
3291 3722 3415 3790 qui-

1845 3812 1970 3867 dem
1999 3811 2226 3866 omnino
2257 3810 2556 3866 Antonium
2608 3812 2925 3881 ignorabam
2952 3851 2967 3874 ,
3011 3812 3104 3866 sed
3155 3813 3308 3869 illum
3351 3815 3419 3868 de

1845 3903 2270 3975 quibuscunque
2320 3902 2482 3972 223
2541 3917 2732 3956 noram
2784 3901 2950 3957 dictis
2993 3910 3087 3955 aut
3123 3902 3310 3966 fat-tis,
3353 3903 3420 3959 de

1845 3995 2101 4049 omnibus
2162 3995 2496 4048 collaudavi.
2545 3992 2682 4046 Tum
2731 3993 2797 4047 ad
2825 4008 2923 4058 ea,
2979 4009 3102 4064 qua:
3153 3995 3416 4055 sciebam.

1845 4083 2142 4153 prazconia,
2165 4098 2227 4138 ea
2250 4099 2372 4152 qua:
2395 4083 2675 4137 audieram
2700 4083 3029 4154 adjungens,
3061 4099 3183 4139 meo
3203 4100 3421 4155 quoque

1846 4175 1998 4230 illum
2041 4174 2300 4245 sulfragio
2344 4175 2624 4230 renuntio.
2670 4179 2746 4230 Ac
2779 4184 3093 4247 pergratum
3124 4178 3257 4232 mihi
3293 4178 3420 4246 qui-

1844 4267 1968 4322 dem
2001 4268 2147 4332 erit,
2208 4268 2253 4322 si
2316 4268 2468 4322 illum
2535 4268 2588 4322 in
2653 4269 2976 4339 episcopatu
3027 4270 3291 4340 collegam
3354 4285 3418 4324 ac

1846 4359 2054 4413 socium
2086 4359 2398 4434 habuerim.
2437 4357 2616 4413 Unum
2653 4359 2816 4429 igitur
2855 4360 2908 4414 id
2940 4375 3079 4430 opus
3119 4370 3222 4426 est,
3259 4376 3418 4416 saera

1771 4483 1817 4538 Β
1846 4458 1940 4503 tua
1967 4450 2180 4506 scilicet
2215 4465 2433 4505 manus.
2471 4448 2587 4504 Hoc
2620 4466 2787 4506 unum
2820 4449 3087 4514 Olbiatis;
3121 4451 3256 4506 mihi
3288 4466 3418 4507 vero

1843 4556 2034 4612 preces
2072 4542 2403 4599 necessaria:
2440 4549 2589 4596 sunt.

2309 4721 2649 4779 EPISTOLA
2679 4721 2938 4782 LXXVII.

2527 4837 2748 4908 Angsio.

1911 4968 2031 5024 Non
2070 4984 2194 5025 sese
2244 4968 2475 5025 invicem
2524 4969 2888 5042 opperiuntur
2915 4969 3009 5026 lux
3056 4977 3112 5026 et
3152 4971 3414 5039 tenebrae,

1842 5061 1939 5119 sed
1972 5070 2182 5117 naturae
2217 5077 2277 5118 se
2313 5063 2430 5136 lege
2451 5063 2689 5135 fugiunt.
2720 5063 2859 5120 Cum
2897 5080 2927 5119 a
2965 5065 3042 5120 tui
3087 5067 3416 5126 deductione

1841 5163 2263 5222 reverterentur,
2297 5155 2673 5213 Andronicum
2704 5156 3057 5215 ollendimus.

1367 5407 1547 5466 DION.
1589 5409 1863 5467 PETAVII
1902 5408 2136 5466 NOTIE.

246 5560 354 5635 (ιλ)

434 5566 854 5638 Τοὺπίιιφαμμά
916 5581 1042 5638 σου,
1097 5567 1160 5621 τὸ
1224 5566 1516 5638 κλεινόνη
1574 5565 1738 5620 Forte

1909 5565 2020 5635 (15)
2060 5565 2196 5618 Ἂπό
2227 5566 2337 5633 τῆς
2363 5582 2478 5635 anc
2521 5569 2783 5639 πομπῆς.
2832 5569 3222 5624 Deductionem
3257 5567 3413 5639 intel-

179 5650 302 5708 μου.
338 5636 557 5708 Initium
611 5635 790 5693 autem
837 5638 938 5691 hoc
964 5636 1280 5707 epigramm.
1305 5645 1482 5693 exstat
1505 5637 1560 5690 in
1589 5638 1739 5692 calce
1837 5635 1968 5704 ligo,
1994 5651 2123 5708 eum
2147 5647 2433 5691 exeuntem
2469 5635 2894 5708 magistr:itu.et
2925 5639 3150 5695 domum
3183 5637 3414 5696 redeun-

171 5704 520 5776 Anlhologiw.

1843 5713 1948 5758 tem
1974 5705 2325 5761 deducerent.
