3838 6236
472 278 635 341 14ζῖ

933 392 1277 449 ωδτοω
1310 392 1592 449 LXXVIII.

1152 486 1363 541 Eidem.

542 578 688 632 Nihil
709 576 995 647 Pentapoli
1024 576 1215 631 utilius
1238 592 1364 632 esse
1402 585 1605 647 potest,
1634 590 1799 647 quam
1830 585 1891 632 ut
1919 577 2050 632 boni

469 671 571 726 viri
598 670 754 740 juxta
778 709 794 735 ,
828 678 883 724 et
916 666 1121 723 milites
1164 665 1496 737 Uunigardte
1525 667 1739 724 caeteris
1780 669 2049 723 militibus

469 771 897 833 anteponantur,
940 774 1054 814 non
1094 759 1368 830 indigenis
1411 759 1605 823 modo,
1643 759 1740 816 sed
1774 768 2050 831 quotquot

469 868 713 925 unquam
745 852 1048 907 auxiliares
1090 850 1159 904 ad
1191 866 1254 906 ea
1285 851 1405 907 loca
1440 851 1673 922 profecti
1720 860 1867 907 sunt.
1909 849 2046 905 Nam

468 947 559 1001 isti
598 945 771 999 multo
810 944 998 1014 plures
1027 957 1154 998 cum
1198 942 1558 1013 paucioribus
1601 943 1856 999 hostibus
1906 957 2048 998 nun-

466 1051 632 1107 quam
672 1034 934 1089 audacter
967 1048 1189 1088 manum
1222 1042 1659 1101 conseruerunt;
1694 1033 1773 1087 illi
1813 1047 1944 1088 vero
1991 1032 2048 1085 in

468 1142 642 1187 totum
673 1128 1037 1201 quadraginta
1073 1128 1157 1183 bis
1182 1127 1298 1198 jam
1320 1166 1336 1193 ,
1394 1136 1545 1182 terve
1572 1141 1699 1181 cum
1729 1126 2048 1181 hominibus

468 1222 704 1292 amplius
753 1220 938 1285 mille,
986 1221 1099 1277 Deo
1128 1235 1193 1275 ac
1236 1226 1293 1274 te
1320 1218 1447 1274 freti
1488 1218 1851 1289 imperatore,
1886 1217 2048 1273 dimi-

466 1323 663 1369 carunt
688 1353 701 1373 ,
740 1313 1119 1382 maximasque
1158 1318 1213 1366 et
1256 1310 1505 1381 insignes
1557 1309 1821 1365 victorias
1864 1324 2049 1380 repur-

467 1413 675 1459 taruut.
717 1403 789 1457 Ex
824 1404 1080 1458 barbaris
1110 1416 1240 1457 vero
1258 1401 1574 1473 quicunque
1595 1408 2044 1471 comparuerunt,

467 1498 590 1553 aliis
621 1497 779 1551 cassis
801 1535 815 1560 ,
849 1496 1023 1565 pulsis
1065 1495 1187 1549 aliis
1212 1534 1227 1559 ,
1272 1495 1326 1548 iu
1362 1494 1529 1549 editis
1564 1494 1861 1564 provinciae
1908 1494 2045 1550 locis

465 1588 766 1652 oberrant;
821 1594 877 1641 et
927 1586 1265 1656 irruptiones
1322 1586 1659 1649 observant,
1722 1599 1921 1639 canum
1989 1588 2047 1641 in

467 1692 674 1732 morem
718 1692 750 1732 e
800 1676 974 1731 caulis
1025 1675 1402 1745 prosilientes,
1456 1690 1526 1729 ne
1562 1674 1676 1729 fera
1723 1675 1779 1727 in
1824 1688 2043 1744 gregem

464 1772 727 1839 impetum
761 1766 949 1823 faciat.
1000 1766 1108 1822 Sed
1154 1765 1323 1837 pudet
1358 1781 1460 1822 nos
1502 1767 1850 1838 egregiorum
1895 1766 2043 1821 mili-

466 1870 618 1922 tum,
649 1860 742 1927 qui
774 1860 827 1912 in
860 1858 1148 1914 laboribus
1178 1858 1355 1914 nostri
1394 1873 1561 1913 causa
1584 1859 1833 1915 toleratis
1868 1860 2045 1931 lacry—

465 1967 616 2006 mare
664 1959 954 2022 coguntur.
1020 1949 1155 2016 Quae
1198 1950 1345 2005 enim
1399 1948 1469 2004 ad
1517 1965 1619 2005 nos
1680 1951 2041 2021 scripserunt,

464 2043 720 2113 equidem
763 2058 873 2096 non
924 2040 1044 2096 sine
1093 2040 1249 2111 gravi
1283 2054 1524 2096 mmrore
1567 2026 1692 2095 cum
1729 2040 2047 2113 legerentur

426 2152 432 2157 ’
466 2134 655 2189 audire
684 2133 857 2204 potui,
887 2148 1103 2204 aequum
1126 2141 1312 2188 autem
1343 2132 1586 2187 arbitror
1614 2147 1793 2203 neque
1822 2132 2045 2189 illorum

465 2244 496 2282 a
526 2238 577 2283 te
621 2241 810 2297 preces
847 2225 1072 2297 negligi.
1108 2226 1155 2280 A
1185 2233 1239 2281 te
1264 2224 1409 2281 enim
1443 2239 1542 2296 per
1589 2240 1692 2280 nos
1717 2265 1733 2291 ,
1777 2239 1843 2280 ac
1871 2240 1967 2295 per
1992 2234 2046 2281 tc

465 2321 536 2376 ab
568 2320 899 2397 imperatore
928 2319 1032 2372 hoc
1054 2318 1371 2389 postulant;
1404 2316 1551 2387 quod
1588 2317 1673 2372 vel
1700 2317 1837 2387 ipsis
1865 2324 2048 2372 tacen-

465 2412 616 2467 tibus
640 2409 852 2466 efﬁcere
893 2425 995 2466 nos
1020 2411 1303 2481 oportuit,
1357 2417 1417 2464 ut
1461 2425 1530 2465 ne
1558 2410 1626 2465 ad
1657 2410 2043 2482 indigenarum

464 2520 725 2560 numeros
756 2504 1126 2559 ascrihantur.
1160 2501 1295 2557 Tam
1326 2500 1475 2557 enim
1498 2502 1642 2566 sibi,
1677 2516 1844 2573 quam
1880 2502 2043 2557 nobis

464 2596 687 2650 inutiles
711 2601 893 2655 erunt,
928 2594 976 2649 si
1006 2594 1359 2664 imperatoris
1382 2594 1682 2649 donatione
1708 2593 2041 2663 spolientur;

464 2687 630 2760 224
667 2689 713 2744 si
756 2703 933 2759 neque
976 2700 1247 2757 equorum
1300 2685 1741 2755 supplementum
1786 2684 2043 2750 habeant,

464 2794 567 2833 nec
591 2792 872 2833 armorum
897 2786 1246 2849 apparatum,
1281 2790 1383 2831 nec
1412 2784 1691 2845 sumptum
1713 2774 2044 2831 militaribus

464 2868 783 2924 hominibus
814 2876 1242 2937 competentem.
1273 2864 1351 2920 Nc
1370 2905 1384 2929 ,
1420 2880 1639 2935 quaeso,
1666 2872 1724 2919 tu
1746 2905 1762 2928 ,
1792 2867 1888 2937 qui
1918 2880 2041 2921 cum

465 2960 535 3014 iis
555 2957 807 3013 omnium
830 2957 1133 3012 fortissime
1162 2965 1215 3011 te
1234 2956 1479 3026 gessisti,
1507 2970 1576 3010 ne
1598 2955 1802 3010 milites
1830 2956 2043 3025 patiare

463 3050 783 3107 inferiorem
824 3050 879 3104 in
915 3048 1166 3104 ordinem
1199 3047 1478 3119 regradari
1501 3086 1517 3111 ,
1557 3046 1656 3139 sed
1789 3048 2039 3139 praemiis
2065 3081 2108 3139 ο

430 3134 813 3212 ἰειιιισίιιιοιιι
859 3139 1135 3205 fraudati,
1187 3138 1400 3209 integra
1442 3151 1508 3191 ac
1554 3136 1739 3192 stabili
1770 3136 2040 3208 dignitate

463 3234 785 3304 persistant.
815 3230 972 3298 Quod
1018 3229 1241 3301 quidem
1288 3230 1378 3283 fiet
1403 3269 1419 3295 ,
1468 3228 1514 3283 si
1546 3244 1615 3283 ex
1644 3236 1737 3282 tua
1776 3228 2040 3283 relatione

463 3324 932 3381 clementissimus
977 3323 1285 3393 imperator
1310 3320 1588 3383 didicerit,
1623 3335 1788 3389 quam
1826 3320 1859 3372 ii
1893 3317 2039 3374 Pen-

462 3416 635 3487 tapoli
691 3416 858 3471 utiles
911 3412 1246 3469 exstiterint.
1310 3412 1453 3477 Quin
1514 3409 1665 3465 aliud
1716 3410 1876 3466 nobis
1930 3410 2040 3465 tuis

463 3508 667 3564 litteris
702 3508 772 3563 ab
819 3507 1156 3577 imperatore
1200 3502 1522 3573 postulato,
1566 3500 1643 3556 uti
1695 3514 1725 3555 c
1768 3510 1822 3556 et
1870 3516 1937 3555 ιι
1973 3501 2039 3555 ad

462 3600 833 3672 quadraginta
869 3599 992 3653 illos
1019 3596 1372 3666 adjiciantur.
1406 3593 1545 3660 Quis
1569 3592 1715 3648 enim
1752 3608 1896 3657 non,
1924 3594 2042 3665 Opi-

463 3692 676 3747 tulante
725 3690 877 3752 Deo,
925 3689 1237 3744 certissime
1265 3685 1508 3752 dixerit,
1566 3685 1834 3740 ducentos
1869 3682 2040 3739 Unni-

463 3783 665 3853 gardas
735 3781 921 3836 animo
999 3779 1069 3834 iis
1127 3793 1192 3833 ac
1260 3792 1424 3832 manu
1504 3777 1752 3841 similes,
1806 3793 2039 3848 quorum

462 3874 735 3945 imprimis
785 3871 1180 3927 humanitatem
1212 3867 1595 3924 collaudamus
1618 3910 1634 3935 ,
1668 3868 1809 3925 duce
1840 3878 1895 3926 te
1937 3872 2039 3924 im-

463 3967 703 4035 peratori
752 3963 819 4018 ad
850 3961 1237 4017 debellandum
1266 3975 1394 4014 cum
1430 3959 1759 4017 Ausurianis
1792 3961 2041 4018 hostibus

463 4058 694 4115 idoneos
766 4055 1020 4110 futuros?
1060 4053 1197 4109 Nam
1280 4053 1412 4124 quid
1486 4052 1791 4109 delectibus
1851 4055 2042 4111 multis

460 4166 601 4220 opus
656 4156 772 4212 est,
834 4156 891 4204 et
936 4146 1137 4203 annuis
1199 4145 1514 4216 sumptibus
1572 4145 1633 4201 in
1696 4146 1865 4217 hujus
1937 4149 2042 4203 loci

458 4242 774 4298 exercitus?
802 4240 1057 4296 Manibus
1082 4237 1151 4293 ad
1174 4237 1381 4295 bellum
1412 4251 1553 4309 opus
1580 4245 1687 4304 est,
1720 4254 1830 4294 non
1856 4242 2043 4299 multis

460 4331 803 4386 nominibus.

457 4423 538 4476 δεῖ
576 4422 892 4491 καταλόγων
958 4420 1198 4485 πολλῶν,
1265 4421 1359 4475 καὶ
1405 4420 1507 4492 τῆς
1553 4421 1824 4495 φοιτώσης
1891 4426 2011 4479 κατ’
2069 4428 2312 4485 ἐνιαυτὸν
2367 4427 2610 4497 δαπάνης
2651 4426 2762 4490 τοῖς
2808 4425 2993 4479 ἐνθάδε
3039 4424 3407 4496 στρατεύμασι
3448 4442 3465 4489 ;

456 4518 540 4573 δεῖ
564 4519 641 4588 τῷ
672 4518 914 4589 πολέμῳ,
933 4516 1027 4570 καὶ
1050 4518 1149 4571 οὐκ
1182 4516 1462 4587 ὀνομάτων
1488 4516 1716 4573 πολλῶν.

918 4630 1251 4687 EPISTOLA
1302 4632 1540 4687 LXXIX.

1090 4744 1402 4798 Anastasio.

528 4836 642 4908 Ego
670 4836 809 4892 nihil
865 4834 1096 4906 Evagrio
1151 4835 1473 4907 presbytero
1532 4836 1798 4906 prodesse
1826 4836 1981 4906 potui
2018 4852 2033 4888 :

459 4942 585 4981 nam
649 4942 751 4983 nec
823 4926 1012 4997 inique
1081 4939 1472 4995 oppressorum
1530 4926 1685 4982 alteri
1757 4926 2037 4998 cuiquam.

458 5016 673 5071 Etenim
707 5016 1028 5071 dominatur
1061 5014 1207 5085 apud
1258 5030 1360 5071 nos
1400 5014 1787 5071 Beronicensis
1825 5015 2039 5069 Andro-

456 5107 649 5170 nicus,
685 5104 1062 5161 exsecrandus
1102 5104 1304 5169 homo,
1338 5113 1392 5161 et
1422 5107 1665 5159 animum
1700 5114 1755 5160 et
1785 5106 2029 5175 linguam

1512 281 1781 339 SYNESII
1820 281 2290 339 PTOLEMAIDIS
2330 285 2640 342 EPISCOPI

2076 404 2124 457 Δ

3615 290 3745 345 HM

2678 401 3027 455 ΕΠΙΣΤΟΛΗ
3071 404 3197 459 OH'.

2728 493 2812 558 τῷ
2843 494 3006 560 αὐτῷ
3035 494 3164 562 (ιο).

2222 581 2391 635 Οὐδὲν
2440 582 2508 636 ἀν
2552 583 2762 652 γένοιτο
2808 586 3143 639 Πενταπόλει
3170 586 3626 658 λυσιτελέστερον
3654 587 3739 640 τοῦ

2150 675 2277 737 τοὺς
2297 674 2533 741 ἀγαθοὺς
2565 676 2660 729 καὶ
2692 676 2892 747 ἄνδρας
2921 677 3017 730 καὶ
3069 677 3405 748 στρατιώτας
3433 679 3739 749 υὺννιγάρ·

2148 765 2245 829 δας
2307 768 2741 839 προτετιμῆσθαι
2794 768 3014 823 πάντων
3074 769 3461 841 στρατιωτῶν,
3515 770 3581 822 οὐ
3640 769 3739 822 τῶν

2149 855 2433 926 ἐγχωρίων
2491 856 2801 929 λεγομένων
2834 859 3015 929 μόνον,
3051 860 3186 914 ἀλλά
3236 862 3327 915 καὶ
3367 861 3486 913 ὅσοι
3521 860 3737 913 πώποτε

2149 946 2291 999 κατά
2324 948 2637 1018 συμμαχίαν
2686 950 2767 1014 είς
2816 950 3008 1005 τούσδε
3052 952 3178 1015 τοὺς
3210 952 3408 1017 τόπους
3456 953 3735 1022 ἀφίκοντο.

2162 1038 2392 1092 Ἐκεῖνοι
2426 1041 2523 1109 μὲν
2552 1042 2660 1112 γάρ
2684 1043 3025 1097 οὐδεπώποτε
3063 1044 3455 1098 πολλαπλάσιοι
3645 1062 3737 1098 πο-

2148 1129 2455 1203 λυπλάσιοι]
2484 1132 2733 1187 ἐλάττοσι
2766 1134 2875 1187 τῶν
2903 1133 3191 1205 πολεμίων-
3217 1135 3353 1205 μετά
3381 1135 3479 1189 τοῦ
3514 1136 3739 1207 θαρῤεῖν

2148 1224 2555 1295 συνηνέχθησαν
2576 1242 2588 1254 ·
2623 1220 2769 1280 οὗτοι
2816 1226 2873 1279 δὲ
2920 1226 3003 1289 δ’ίς
3045 1226 3144 1299 ῆδη
3172 1228 3268 1280 καὶ
3311 1228 3433 1297 τρὶς
3474 1228 3625 1296 πρὸς
3657 1227 3739 1280 ἀν·

2146 1310 2277 1383 δρας
2325 1312 2466 1383 ὑπὲρ
2505 1313 2709 1383 χιλίους
2736 1314 2827 1367 τὸν
2855 1314 3109 1387 ἀριθμὸν,
3157 1315 3308 1386 μόνοι
3331 1315 3743 1386 τετταράκοντα

2150 1403 2290 1473 μετά
2324 1401 2419 1456 τοῦ
2449 1403 2585 1457 Θεοῦ
2630 1405 2724 1458 καὶ
2758 1404 2851 1458 σοῦ
2891 1406 3197 1477 στρατηγοῦ
3226 1406 3635 1478 παρετάξαντο,
3656 1407 3743 1461 καῖ

2147 1492 2306 1555 νίκας
2331 1492 2432 1555 τὰς
2471 1493 2735 1562 μεγίστας
2768 1494 2861 1547 καὶ
2888 1493 3178 1556 καλλίστας
3202 1494 3497 1547 ἀνείλοντο.
3535 1494 3669 1548 Τῶν
3695 1496 3745 1548 δὲ

2146 1584 2227 1647 εἰς
2246 1583 2370 1651 ϐψιν
2406 1583 2587 1647 αὐτοῖς
2613 1583 2875 1637 ἐλθόντων
2905 1583 3195 1655 βαρϐάρων
3234 1586 3358 1647 τοὺς
3388 1584 3491 1654 μὲν
3524 1586 3746 1638 ἀπολω-

2146 1674 2387 1739 λεκότες,
2422 1675 2550 1739 τοὺς
2578 1675 2637 1729 δὲ
2682 1675 3107 1746 ἀπεληλακότες,
3147 1676 3219 1729 τά
3248 1692 3307 1728 τε
3342 1676 3607 1746 μετέωρα
3650 1678 3746 1749 τῆς

2146 1764 2333 1837 χώρας
2354 1766 2435 1820 ἔτι
2464 1766 2863 1834 περινοστοῦσι,
2895 1766 2988 1821 καὶ
3017 1766 3115 1829 τάς
3149 1766 3396 1830 εἰσϐολὰς
3430 1767 3547 1819 τῶν
3584 1771 3745 1821 πολε.

2149 1859 2287 1929 μίων
2312 1858 2692 1929 φυλάττουσιν,
2733 1859 2920 1930 ῶσπερ
2954 1860 3220 1923 σκύλακες
3260 1859 3430 1930 αὐλῆς
3464 1861 3742 1931 προπηδή-

2148 1967 2361 2017 σαντες,
2396 1952 2481 2021 ὲφ’
2501 1949 2545 2021 ᾧ
2574 1950 2763 2022 θηρίον
2791 1952 2891 2005 οὐκ
2932 1952 3198 2005 ὲναλεῖται
3224 1954 3290 2021 τῇ
3328 1952 3566 2022 ποίμνῃ.
3603 1949 3741 2004 Ἀλλ’

2146 2042 2309 2113 ⁴ἡμεῖς
2331 2042 2696 2114 αἰσχυνόμεθα
2716 2043 2842 2107 τοὺς
2866 2044 3141 2115 ἀριστέας,
3165 2044 3223 2095 ὲν
3247 2043 3432 2105 αὐτοῖς
3455 2046 3575 2107 τοῖς
3602 2042 3735 2110 ὑπὲρ

2145 2136 2303 2207 ἡμῶν
2340 2136 2523 2207 ἱδρῶσι
2577 2136 2934 2207 δακρύοντας.
2989 2133 3088 2189 Οἷα
3134 2135 3242 2205 γάρ
3274 2135 3369 2189 καὶ
3419 2136 3728 2205 γεγράφασι

2147 2228 2284 2299 πρὸς
2310 2230 2477 2299 ἡμᾶς,
2508 2228 2619 2298 ἐγὼ
2661 2228 2761 2299 μὲν
2800 2229 2899 2281 οὐκ
2940 2227 3165 2291 ἀπαθῶς
3204 2227 3725 2297 ἀναγινωσκομένων

2146 2320 2359 2387 ἀκήκοα
2399 2337 2413 2351 ⁶
2443 2319 2580 2384 ἀξιῶ
2618 2318 2674 2372 δὲ
2711 2319 2845 2391 μηδὲ
2880 2319 2939 2372 σὲ
2976 2319 3076 2389 τὴν
3107 2320 3315 2372 ἱκεσίαν
3366 2318 3555 2371 αὐτῶν
3594 2335 3727 2388 παρ·

2148 2411 2296 2464 ιδεῑν.
2326 2411 2549 2464 Δέονται
2582 2411 2689 2481 γάρ
2712 2410 2776 2481 δὴ
2801 2410 2894 2464 σοῦ
2930 2410 3028 2481 μὲν
3063 2409 3130 2463 δι’
3155 2409 3334 2481 ήμῶν,
3374 2410 3650 2479 βασιλέως
3678 2407 3729 2459 δὲ

2144 2503 2234 2556 διά
2259 2501 2352 2555 σοῦ
2372 2502 2585 2573 δέησιν,
2613 2505 2678 2573 ἦν
2729 2502 2875 2566 είκδς
2904 2503 3053 2572 ἡμᾶς
3079 2497 3167 2572 ἦν,
3208 2501 3437 2554 ἐκείνων
3492 2501 3733 2554 σιωπών-

2144 2611 2273 2659 των,
2304 2593 2650 2665 ποιήσασθαι,
2686 2594 2761 2666 μὴ
2817 2593 3185 2663 καταλεγῆναι
3220 2594 3348 2657 τοὺς
3378 2594 3589 2665 ἄνδρας
3616 2597 3731 2665 ἀρι-

2146 2684 2302 2755 θμοίς
2361 2686 2667 2757 ἐγχωρίοις.
2728 2687 2960 2757 ’Δχρείοι
2991 2686 3101 2758 γάρ
3149 2686 3216 2740 ἂν
3265 2687 3485 2750 ἑαυτοῖς
3516 2703 3583 2740 τε
3644 2687 3731 2739 καὶ

2146 2777 2277 2846 ἡμῖν
2322 2776 2583 2845 γένοιντο,
2631 2777 2739 2829 τῶν
2782 2777 3075 2847 βασιλικῶν
3101 2775 3321 2849 δωρεῶν
3358 2778 3728 2849 ἀφῃρημένοι,

2145 2869 2192 2920 εί
2231 2870 2367 2938 μήτε
2385 2868 2566 2921 ἵππων
2605 2866 2785 2932 ἕξουσι
2814 2868 2928 2941 [γρ.
2971 2869 3067 2921 καὶ
3092 2868 3220 2940 μήθ’
3249 2869 3435 2922 ἵππων
3488 2868 3726 2939 ἔχοντες]

2143 2959 2425 3031 διαδοχὴν,
2468 2962 2605 3032 μήτε
2657 2960 2838 3014 ὃπλων
2888 2961 3261 3031 παρασκευὴν,
3293 2962 3433 3030 μήτε
3485 2960 3731 3030 δαπάνην

2143 3054 2468 3121 ἀγωνισταῖς
2503 3053 2758 3125 ἀνδράσιν
2810 3052 3104 3125 ἀρκοῦσαν.
3151 3053 3244 3123 Μὴ
3290 3051 3357 3104 σύ
3390 3069 3458 3120 γε
3482 3092 3496 3114 ,
3527 3047 3576 3105 ὦ
3621 3055 3731 3121 μετ’

2142 3149 2323 3201 αὐτῶν
2367 3145 2591 3218 ἀριστεῦ
2638 3145 2750 3217 [γρ.
2798 3143 3160 3217 ἀριστεύων],
3196 3143 3272 3215 μὴ
3324 3143 3582 3215 περιίδῃς
3611 3145 3734 3205 τοὺς

2144 3237 2481 3309 στρατιώτας
2518 3239 2598 3299 είς
2651 3236 2979 3307 ἀτιμοτέραν
3030 3233 3183 3299 τάξιν
3226 3232 3585 3305 χωροῦντας·
3620 3233 3733 3287 ἀλλ’

2141 3324 2286 3381 οῦτοί
2316 3346 2374 3380 τε
2427 3326 2695 3398 μενόντων
2735 3326 2922 3380 ἀσυλοι
2955 3325 3064 3380 τῶν
3089 3325 3265 3396 γερῶν
3308 3327 3369 3377 ὲν
3399 3324 3616 3395 βεϐαίῳ
3641 3326 3733 3393 τῆς

2142 3421 2407 3491 πρότερον
2441 3420 2620 3484 ἀξίας.
2656 3420 2720 3473 Ὃ
2750 3419 2945 3488 γένοιτ’
2983 3418 3085 3485 ἂν,
3127 3420 3177 3471 εί
3208 3417 3296 3471 διὰ
3334 3417 3436 3488 τῆς
3466 3418 3569 3487 σῆς
3602 3419 3732 3470 ἀνα-

2142 3511 2315 3581 φορᾶς
2338 3510 2366 3561 ό
2397 3509 2908 3581 φιλανθρωπότατος
2936 3506 3091 3579 ἡμῶν
3117 3506 3371 3577 βασιλεὺς
3404 3508 3601 3576 μάθοι,

2144 3617 2235 3655 σον
2258 3601 2449 3670 ὄφελος
2496 3602 2746 3670 ἐγένοντο
2794 3599 3129 3655 Πενταπόλει
3155 3616 3169 3629 '
3193 3598 3285 3652 καὶ
3316 3597 3549 3668 δεήθητι
3579 3599 3729 3668 βασι·

2142 3694 2279 3757 λέως
2329 3694 2470 3766 ὑπὲρ
2502 3695 2680 3765 ἡμῶν,
2720 3696 2777 3748 ὲν
2815 3698 2928 3757 τοῖς
2976 3690 3174 3746 σαυτοῦ
3219 3692 3519 3761 γράμμασι
3549 3691 3729 3761 δέησιν

2142 3785 2355 3856 ἑτέραν,
2409 3786 2607 3857 ἀνδρας
2635 3786 2830 3840 ἑκατὸν
2862 3786 3128 3856 ἑξήκοντα
3172 3787 3286 3848 τοῖς
3320 3784 3727 3855 τετταράκοντα

2141 3877 2352 3941 τούτοις
2401 3878 2787 3949 προστεθῆναι.
2830 3878 2985 3932 Μετὰ
3031 3876 3124 3930 τοῦ
3157 3875 3315 3937 Θεοῦ,
3352 3876 3438 3937 τίς
3481 3877 3587 3929 οὐκ
3616 3875 3722 3946 [ης.

2141 3964 2224 4031 τίς
2255 3966 2344 4038 ἂν]
2378 3966 2443 4020 ἂν
2496 3968 2838 4036 ἀποφήναιτο
2866 3965 3171 4028 διακοσίους
3208 3964 3610 4034 Οὑννιγάρδας,
3639 3966 3723 4016 καὶ

2142 4058 2367 4129 γνώμην
2407 4058 2502 4112 καὶ
2550 4060 2709 4129 χεῖρα
2761 4058 2973 4120 τούτοις
3022 4055 3460 4126 παραπλησίους,
3506 4049 3583 4108 ὧν
3632 4057 3717 4122 οὺχ

2140 4150 2340 4221 ῆκιστα
2372 4149 2703 4219 ἐπαινοῦμεν
2721 4149 2782 4201 τὸ
2815 4150 2988 4219 πρᾶον
3004 4147 3105 4217 τῆς
3124 4147 3374 4218 γνώμης,
3398 4146 3496 4198 σοῦ
3531 4163 3713 4216 3:91:-

2142 4239 2428 4311 ηγοῦντος,
2467 4240 2726 4310 ἀρκέσειν
2761 4240 2840 4302 εἰς
2873 4238 2935 4290 τὸ
2990 4238 3463 4308 διαπολεμηθῆναι
3518 4235 3717 4307 βασιλεῖ

2141 4332 2234 4385 τὸν
2277 4332 2594 4401 Ἀσυριανὸν
2644 4329 2711 4403 [Ῑ.
2758 4329 3146 4401 Δὺσουριανὸν]
3204 4330 3481 4399 πόλεμον;
3535 4329 3643 4381 Καὶ
3672 4324 3717 4376 τί

3512 4421 3721 4491 Σειρῶν

2680 4625 3025 4679 ΕΠΙΣΤΟΛΗ
3062 4624 3180 4678 ΟΘ’.

2732 4737 3126 4801 Ἀναστασίῳ.

2205 4829 2371 4883 Οὐδὲν
2402 4829 2512 4897 ἐγὼ
2550 4828 2747 4897 γέγονα
2787 4830 3056 4899 χρήσιμος
3086 4826 3341 4899 Εὑαγρίῳ
3372 4828 3454 4897 τῷ
3479 4829 3721 4900 πρεσϐυ-

2133 4921 2278 4991 τέρῳ
2302 4936 2317 4953 ο
2373 4921 2494 4973 οὐδὲ
2524 4920 2632 4991 γὰρ
2674 4920 2784 4973 οὐδ’
2813 4921 2987 4991 ἑτέρῳ
3027 4921 3133 4974 τινὶ
3174 4920 3285 4973 τῶν
3320 4921 3719 4992 ἀδικουμένων.

2140 5009 2331 5080 ’Δρχει
2375 5008 2481 5081 γὰρ
2529 5008 2658 5079 παρ’
2698 5010 2828 5079 ἡμῖν
2875 5010 2905 5061 ὀ
2946 5008 3302 5079 Βερρονικεὺς
3359 5009 3723 5081 ’Δνδρὸνικος,

2137 5101 2391 5173 ἀποφρὰς
2426 5100 2733 5171 ἄνθρωπος,
2782 5098 3132 5167 παλαμναίαν
3170 5098 3307 5169 ἔχων
3350 5102 3447 5154 καὶ
3474 5104 3723 5172 γνώμην,

456 5194 889 5249 consceleratam
929 5208 1149 5263 gerens.
1208 5192 1311 5259 Qui
1356 5193 1502 5263 quod
1555 5195 1825 5263 meipsum
1874 5192 2031 5246 nihili

2147 5194 2234 5246 καὶ
2256 5193 2521 5262 γλῶτταν.
2568 5194 2663 5254 ὐς
2690 5191 2739 5243 εί
2770 5190 2870 5260 μὲν
2913 5189 3049 5260 ἐμοῦ
3092 5194 3445 5262 καταφρονεῖ,
3493 5196 3725 5265 πρᾶγμα

456 5283 607 5349 facit,
638 5285 752 5339 leve
785 5294 838 5339 et
883 5284 1349 5339 contemnendum
1396 5292 1501 5351 est,
1539 5284 1634 5339 scd
1662 5285 1869 5354 pudere
1903 5299 2030 5339 eum

2147 5283 2309 5337 οὐδέν’
2341 5283 2452 5338 ἀλλ’
2496 5281 2846 5353 αἰσχύνεσθαί
2887 5299 2978 5352 μοι
3022 5283 3313 5353 δοκεῖκαὶ
3364 5285 3432 5337 τά
3478 5284 3608 5341 θεία
3650 5303 3722 5336 τις

1690 5456 1872 5513 DION.
1901 5456 2176 5513 PETAVll
2208 5458 2441 5515 ΝΟΤΕ.

524 5617 636 5689 (l6)
659 5616 739 5670 Ad
772 5616 912 5670 hanc
948 5616 1245 5684 epistolam
1277 5619 1516 5692 pertinet
1568 5620 1902 5685 κατάστασις
1951 5620 2039 5675 illa

456 5687 649 5742 darum
675 5688 877 5743 mentio
912 5685 989 5739 lit.

2202 5620 2616 5695 Pentapolitana
2639 5624 2828 5692 clade;
2866 5626 2955 5682 ubi
2990 5632 3042 5681 et
3093 5624 3286 5697 Anysii
3345 5635 3401 5683 et
3444 5626 3715 5715 Unnigar'
