3834 6230
186 293 211 342 1
223 291 255 343 4
263 288 329 342 ιῖεὕ

1184 283 1197 292 ’
1300 287 1679 344 EPISTOLIE.
1718 318 1788 331 —
1817 286 2033 345 EPIST.
2077 287 2315 343 LXXIX.

3306 283 3451 339 {Mil

193 397 367 467 μῆσαι
394 413 408 428 ·
439 390 593 460 οὗτος
640 398 868 469 ἀράσσει
914 401 982 468 τῇ
1024 398 1232 469 κεφαλῇ
1276 401 1367 452 τὸν
1395 399 1641 471 οὐρανόν.
1686 398 1765 467 Νὴ

1876 402 2111 467 videtur,
2144 403 2308 456 etiam
2342 401 2527 457 divina
2574 403 2840 460 revereri.
2885 400 2991 456 Hic
3025 400 3229 456 casia.
3271 396 3453 470 capite

187 491 291 560 τὴν
317 489 467 560 ἱεράν
492 504 582 541 σου
607 492 699 544 καλ¹
719 491 1044 562 τριπόθητον
1072 492 1333 561 κεφαλὴν,
1357 493 1542 561 σχῆμα
1566 493 1769 544 Πεντα-

190 583 346 635 πόλει
381 581 644 654 πένθιμον
664 582 1026 654 περιτέθεικε,
1050 582 1447 654 δακτυλήθρας,
1485 583 1582 636 καὶ
1614 582 1770 635 ποδο-

194 674 441 744 στράὸας
488 672 754 746 ἐξευρὼν,
799 675 896 729 καὶ
924 674 1053 741 ξένα
1095 674 1231 728 ἄττα
1279 673 1621 743 κολαστήρια
1648 675 1791 729 ω’·

192 766 409 829 οὐδενὸς
451 768 563 823 τῶν
595 761 921 821 ἀδικούντων
969 766 1131 836 (πάνυ
1159 766 1267 837 γὰρ
1296 764 1455 818 τονῦν
1496 764 1671 831 ἔξεστι
1694 762 1783 835 τῷ

195 856 509 928 βουλομένῳ
538 848 786 917 ἀδικεῖν).
816 857 957 911 κατὰ
982 857 1039 910 δὲ
1060 856 1169 911 τῶν
1207 855 1602 910 συντελούντων
1631 856 1770 927 ὑπὲρ

193 950 304 1002 τῶν
324 949 542 1012 οὐσιῶν,
573 941 797 1002 καὶτῶν
825 950 999 1002 ἄλλων
1017 949 1196 1002 ὁτιοῦν
1221 948 1563 1016 ὀφειλόντων.
1589 948 1773 1012 Δεινὸς

193 1043 308 1111 γὰρ
336 1042 478 1111 ἀνὴρ
514 1037 800 1101 ὑποθέσεις
844 1040 1205 1110 ἐξευρίσκειν,
1241 1042 1305 1110 τῇ
1350 1056 1410 1092 τε
1440 1039 1632 1093 ἑαυτοῦ
1678 1041 1774 1095 καὶ

193 1135 262 1202 τῇ
299 1132 530 1193 Θόαντος
560 1131 720 1198 φύσει
745 1131 1061 1200 πρεπούσας
1086 1149 1097 1161 ·
1142 1132 1201 1184 ὃν
1231 1131 1455 1185 ἐπὶτῶν
1480 1132 1773 1203 δεσμωτῶν

195 1223 346 1287 ὄντα,
394 1224 515 1284 ταῖς
579 1219 692 1292 [ῃο.
724 1221 910 1285 ἔταξεν
953 1224 1010 1275 ὲν
1040 1221 1183 1293 ταῖς]
1224 1223 1583 1293 ἀπαιτήσεσιν
1616 1222 1773 1289 ἔταξε

192 1312 289 1365 τοῦ
333 1312 719 1383 στρατιωτικοῦ
749 1312 996 1382 χρυσίου,
1037 1312 1130 1365 τοῦ
1174 1312 1507 1383 καλουμένου
1546 1314 1774 1383 Τιρωνι-
1808 1330 1809 1333 ‘

194 1402 315 1467 κοῦ,
342 1402 435 1455 καὶ
469 1403 669 1472 συνῆψε
698 1402 765 1453 τὰ
789 1401 1051 1455 αύλαναῖα
1086 1401 1197 1472 (l7)
1225 1420 1238 1433 ·
1270 1405 1363 1456 καὶ
1391 1404 1476 1456 ἀεί
1505 1420 1559 1456 τι
1588 1404 1775 1457 καινὸν

195 1493 289 1544 ἐπὶ
312 1491 524 1559 παλαιῷ
556 1492 743 1553 κακὸν,
774 1485 920 1560 ἐφίἶ)
948 1491 1088 1545 κατὰ
1116 1492 1257 1560 φῦλα
1288 1493 1383 1547 καὶ
1407 1493 1611 1563 δήμους
1639 1494 1776 1547 αίκί-

195 1584 403 1648 ζεσθαι.
452 1586 523 1637 Οὐ
555 1585 662 1655 γὰρ
694 1583 842 1636 ἔστιν
879 1584 999 1636 οὐδὲ
1028 1586 1141 1648 τοῖς
1174 1584 1357 1654 ἔχουσι
1399 1587 1494 1639 καὶ
1518 1585 1775 1639 πλουτοῦ-

196 1695 283 1729 σιν
319 1677 721 1746 ἀμαστιγὼτοις
750 1677 1101 1748 ἀναχωρῆσαι
1126 1692 1140 1707 °
1186 1677 1300 1731 ἀλλ’
1326 1677 1429 1741 ἕως
1472 1678 1500 1729 ό
1531 1680 1659 1741 παῖς
1694 1677 1772 1730 οτ-

196 1769 327 1820 καδε
357 1768 562 1838 βαδίζει
591 1769 652 1821 τὸ
691 1769 912 1840 χρυσίον
944 1768 1130 1832 οἴσων,
1171 1770 1199 1821 ό
1227 1768 1491 1838 δεσπότης
1520 1768 1764 1839 ὴλόηται,
1800 1752 1841 1807 Β

192 1858 290 1910 καὶ
315 1859 442 1926 παρ’
465 1858 640 1920 ἐνίους
669 1859 775 1908 τῶν
807 1856 1083 1910 δακτύλων
1106 1857 1219 1927 (18)
1246 1857 1481 1924 ἐγένετο.
1517 1857 1679 1908 Ὅταν
1711 1855 1769 1908 δὲ

193 1950 522 2017 προφάσεως
549 1950 725 2019 ἀπορῇ
762 1948 1064 2018 δυναμένης
1102 1948 1263 2000 αὑτὸν
1290 1947 1556 2013 ἑστιᾶσαι,
1591 1945 1767 2009 Μάξι-

196 2044 349 2110 μῖνος
407 2041 501 2093 καὶ
546 2041 795 2104 Κλεινίας
825 2042 936 2111 (19)
971 2040 1204 2109 ἓφεδροι.
1242 2040 1328 2091 Ἑν
1352 2037 1579 2101 ἐκείνοις
1616 2038 1771 2109 χαρί-

194 2133 349 2195 ζεται
375 2131 453 2200 τῷ
495 2132 676 2185 πάθει.
722 2131 880 2184 Ἀλλά
912 2148 1001 2201 μοι
1034 2128 1180 2182 δοκεῖ
1207 2129 1446 2191 τοιοῦτος
1475 2127 1572 2191 ὣν,
1604 2145 1771 2196 πονη-

197 2223 308 2293 ρῶν
333 2222 598 2292 δαιμόνων
630 2223 884 2291 προνοίας
923 2222 1230 2291 τυγχάνειν,
1275 2220 1324 2273 οἳ
1367 2219 1640 2290 βούλονται
1670 2219 1769 2288 μὲν

193 2314 555 2377 ἐπαινεῖσθαι,
588 2313 681 2366 καὶ
715 2314 960 2383 εὐτυχεῖν
1001 2314 1099 2375 τὰς
1138 2310 1613 2381 παλαμναιοτάτας
1654 2307 1767 2380 [πρ.

195 2405 546 2475 παλαμναίας
573 2403 799 2474 ταύταις]
850 2403 1060 2473 ψυχάς,
1096 2397 1183 2465 αἷς
1228 2403 1479 2472 ὀργάνοις
1519 2400 1769 2455 δύνανται

195 2494 434 2565 χρῆσθαι
485 2494 620 2564 πρὸς
672 2494 769 2557 τὰς
820 2494 1004 2556 κοινὰς
1052 2494 1356 2564 συμφοράς.
1406 2492 1536 2544 Ἀπὸ
1567 2490 1770 2544 τούτων

193 2580 290 2635 οὖν
316 2582 823 2653 παρασκευάζουσιν
848 2582 996 2653 αὐτῷ
1021 2583 1176 2647 δόξαν
1228 2582 1303 2645 ὼς
1334 2582 1489 2652 ἀνδρὶ
1517 2581 1767 2651 γενναίῳ.

196 2676 389 2728 Καίτοι
422 2674 537 2738 πῶς
580 2674 799 2743 εῦλογον
823 2717 837 2740 ,
872 2676 1022 2738 ὅστις
1054 2662 1377 2744 ὑπερύψωσε
1415 2672 1506 2726 τὸν
1544 2672 1766 2743 ὑψηλὸν,

195 2768 292 2819 καὶ
323 2767 411 2818 τὸν
439 2766 689 2819 ταπεινὸν
719 2766 1114 2832 ὲταπείνωσεν;
1164 2767 1275 2834 Ἐφ’
1309 2760 1369 2819 οὗ
1398 2767 1505 2829 πᾶς
1537 2765 1635 2835 μὲν
1670 2765 1769 2835 μέ-

196 2854 366 2927 τριος,
400 2857 491 2909 καὶ
524 2858 699 2927 πρᾶος
744 2857 836 2908 τὸν
865 2856 1084 2927 τρόπον,
1128 2856 1185 2906 ὲν
1231 2855 1412 2924 Καρὸς
1468 2855 1631 2926 μοίρᾳ
1675 2856 1769 2907 καὶ

196 2948 390 3017 ἄτιμος
416 2963 430 2977 ο
463 2947 711 3001 δύνανται
739 2948 797 3000 δὲ
834 2948 983 3018 μόνοι
1017 2947 1193 3014 Ζηνᾶς
1225 2947 1320 2999 καὶ¹
1361 2945 1577 3008 Ἰούλιος
1600 2962 1614 2977 ·
1659 2948 1768 3015 Ζη-

196 3041 293 3103 νᾶς
317 3042 346 3093 ό
375 3040 583 3109 πράξας
611 3040 809 3110 πέρυσι
835 3040 959 3101 τοὺς
984 3038 1201 3101 διπλοῦς
1232 3038 1450 3108 φόρους,
1474 3038 1531 3099 ὃς
1556 3038 1768 3090 ἀπειλεῖ

192 3128 288 3183 τδν
341 3130 470 3199 ἐμὸν
511 3129 734 3197 ἀδελφὸν
778 3130 1123 3183 Ἀναστάσιον
1174 3126 1623 3198 παραπρεσϐείας
1673 3130 1767 3181 καὶ

194 3217 500 3282 διώξεσθαι,
532 3219 626 3272 καὶ
654 3220 922 3290 αἱρήσειν.
970 3211 1135 3282 Οὗτος
1192 3216 1376 3288 μέντοι
1429 3216 1645 3280 ἑκόντος
1674 3219 1770 3270 αὐ-

192 3310 289 3363 τοῦ
317 3311 539 3364 δύναται
564 3328 578 3344 ’
637 3311 851 3374 Ἰούλιος
879 3311 934 3363 δὲ
963 3311 1184 3373 ἄκοντὸς
1228 3327 1285 3363 τε
1316 3309 1410 3363 καὶ
1455 3309 1728 3372 κλαίοντος
1752 3326 1766 3340 ο

195 3404 291 3456 καὶ
314 3404 434 3455 κατ’
459 3403 669 3465 οὐδενὸς
696 3402 889 3465 οὕτως,
923 3404 996 3465 ὡς
1027 3403 1145 3457 κατ’
1190 3402 1525 3473 ’Λνδρονίκου
1551 3401 1771 3471 γέγονεν

197 3493 559 3565 ἰσχυρότερος.
608 3492 922 3564 Ἑγκραγὼν
950 3494 1057 3565 γὰρ
1086 3493 1234 3564 αὐτῷ
1262 3494 1342 3557 δίς
1372 3512 1473 3546 που
1503 3494 1595 3546 καὶ
1624 3495 1765 3563 τρὶς,

193 3587 290 3638 καὶ
337 3589 449 3648 τοῖς
500 3584 559 3650 ἐξ
608 3585 823 3655 ἀμάξης
882 3585 1332 3656 λοιδορησάμενος
1359 3626 1374 3648 ,
1438 3587 1533 3639 καὶ
1592 3586 1767 3639 πάντα

194 3678 708 3746 ὲπανατεινάμενος,
748 3676 892 3748 ἅπερ
938 3676 1003 3728 ἂν
1052 3675 1298 3746 εἰρῆσθαι
1347 3677 1442 3729 καὶ
1475 3678 1599 3747 παρ’
1630 3675 1764 3746 ἐμοῦ

190 3767 286 3820 τοῦ
316 3768 513 3830 παντὸς
560 3766 626 3820 ἂν
674 3767 1060 3837 ἐτιμησάμην,
1111 3765 1359 3831 ἀπέδειξε
1400 3767 1461 3819 τὸ
1506 3767 1765 3837 κάθαρμα

196 3855 305 3929 μῦν
346 3858 465 3911 ἀντὶ
496 3858 743 3920 λέοντος·
796 3860 890 3911 καὶ
937 3856 996 3921 ἐξ
1042 3858 1250 3910 ἐκείνου
1290 3858 1485 3928 χρῆται
1519 3857 1766 3931 καθάπερ

192 3950 545 4021 ἀνδραπόδῳ·
605 3950 843 4020 παρόσον
890 3948 1059 4012 ἀδεῶς
1108 3949 1229 4001 οὐδὲ
1275 3952 1333 4002 ἐν
1376 3952 1497 4013 ταῖς
1543 3951 1766 4019 γωνίαις

193 4038 599 4111 ὑποψιθυρίζειν
645 4041 785 4094 κατά
807 4039 901 4093 τοῦ
945 4039 1204 4093 δεσπότου
1238 4041 1412 4111 τολμᾷ
1446 4058 1459 4072 ο
1508 4041 1664 4095 τοῦτο
1709 4042 1765 4094 δὲ

192 4132 459 4198 δήπουθεν
490 4133 664 4198 ἔξεστι
693 4135 802 4196 τοῖς
834 4132 1073 4195 οἰκέταις
1109 4134 1303 4187 ποιεῖν.
1348 4132 1678 4203 ’Δνδρόνικος
1705 4132 1762 4185 δὲ

191 4223 312 4275 οὐδὲ
343 4222 516 4276 τοῦτο.
549 4222 621 4275 Τὸ
650 4223 757 4293 γὰρ
787 4223 1068 4290 ἀλόγιστον
1094 4222 1335 4294 ἀνδρεῖον
1369 4223 1467 4293 μὲν
1492 4222 1758 4293 οὐδαμοῦ⁶

193 4313 345 4383 παρὰ
374 4314 432 4366 δὲ
460 4314 587 4378 τοὺς
614 4316 860 4384 καιροὺς.
896 4315 1067 4367 δειλόν
1094 4332 1153 4368 τε
1199 4316 1292 4368 καὶ
1321 4315 1492 4385 θρασὺ
1532 4314 1762 4383 γίνεται,

1874 494 2081 549 tundit.
2113 494 2309 554 Testor
2337 512 2555 550 sacrum
2576 506 2737 551 tum
2759 511 2829 551 ac
2853 505 2939 550 ter
2964 504 3211 566 optatum
3238 503 3401 563 caput
3425 508 3442 546 :

1872 584 2161 653 lugubrem
2216 585 2313 640 ille
2353 585 2637 655 Pw
2697 585 2943 651 cultum,
2999 595 3163 653 atque
3207 583 3449 638 habitum

1870 678 2079 733 indixit
2106 693 2129 731 :
2150 678 2450 751 mrum
2486 674 2763 750 p'ressoria
2791 718 2806 742 ,
2863 693 2928 733 ac
2953 677 3151 748 pedum
3194 676 3451 749 tortoria,

1871 770 2087 841 aliaque
2113 771 2516 841 quamplurima
2547 772 2924 840 quaestionum
2954 777 3273 839 argumenta
3302 782 3451 822 com-

1871 867 2114 921 meutus,
2153 874 2264 914 non
2311 859 2379 913 ad
2412 874 2745 929 quemquam
2778 857 3150 912 maleﬁcorum
3190 871 3449 927 premen-

1871 950 2001 1004 dum
2026 950 2196 1018 (nunc
2218 949 2364 1005 enim
2396 964 2591 1018 magna
2613 948 2843 1003 cuilibet
2865 946 3254 1001 maleficiorum
3276 947 3451 1001 licen-

1871 1041 1947 1093 tia
1972 1044 2081 1108 est)
2106 1057 2122 1107 ;
2157 1039 2253 1094 sed
2277 1039 2544 1094 adversus
2566 1054 2685 1099 eos.
2714 1038 2808 1109 qui
2840 1038 3126 1108 vectigalia
3159 1051 3258 1106 pro
3288 1036 3449 1091 bonis

1874 1129 1992 1185 suis
2015 1130 2315 1199 pensitauit,
2347 1135 2441 1183 aut
2468 1130 2562 1199 qui
2598 1129 2707 1183 alio
2748 1129 2946 1198 quovis
2982 1128 3202 1182 nomine
3241 1125 3448 1195 aliquid

1880 1221 2103 1276 debent.
2132 1219 2228 1275 Est
2249 1220 2394 1276 enim
2428 1219 2495 1274 ad
2522 1219 2932 1288 investigandas
2964 1218 3204 1273 rationes
3242 1231 3343 1272 suo
3393 1223 3449 1270 et

1874 1310 2142 1367 Thoantis
2174 1313 2393 1383 ingenio
2443 1312 2636 1382 dignas
2702 1309 3139 1376 solertissimus;
3188 1323 3349 1379 quem
3379 1322 3447 1362 ex

1873 1405 2354 1459 commentariensi
2379 1411 2688 1459 coactorem
2714 1401 2842 1458 fecit
2861 1402 3114 1456 militaris
3134 1402 3277 1463 auri,
3300 1398 3447 1469 quod

1874 1491 2189 1547 Tironicum
2220 1500 2456 1555 vocant;
2491 1501 2546 1547 ct
2578 1492 2835 1545 Aulanaea
2869 1490 3103 1556 addidit,
3137 1505 3200 1543 ac
3230 1502 3450 1558 semper

1875 1599 2075 1637 novum
2124 1582 2345 1654 aliquod
2400 1598 2465 1638 ex
2510 1591 2693 1638 vetere
2735 1583 2937 1636 malum
2991 1598 3005 1633 :
3053 1583 3214 1650 cujus
3272 1580 3446 1651 gratia

1876 1689 1974 1744 per
2009 1675 2261 1727 nationes
2324 1672 2666 1743 populosque
2697 1672 3032 1726 crucientur.
3069 1670 3254 1741 Neque
3303 1672 3446 1724 enim

1870 1765 1938 1818 iis
1967 1765 2154 1831 etiam,
2181 1765 2278 1834 qui
2307 1763 2452 1820 unde
2479 1763 2717 1827 solvant,
2744 1763 2964 1827 habent,
2986 1770 3041 1818 et
3079 1763 3445 1832 locupletibus

1872 1870 1903 1909 a
1930 1854 2115 1925 ﬂagris
2147 1864 2355 1926 tergutn
2383 1869 2542 1911 suum
2572 1853 2698 1908 licet
2729 1853 3058 1919 defendere;
3095 1854 3187 1908 sed
3224 1854 3443 1907 interim

1870 1961 1994 1999 cum
2050 1960 2246 1999 servus
2272 1946 2494 2000 domum
2555 1943 2622 1997 ad
2677 1958 2870 1998 aurum
2923 1942 3318 2012 deportandum
3349 1958 3444 1995 va-

1869 2035 1970 2101 dit,
2010 2035 2173 2106 225
2203 2036 2370 2091 herus
2391 2035 2639 2099 caeditur,
2674 2044 2728 2088 et
2769 2033 3066 2103 digitorum
3107 2034 3290 2104 aliquo
3336 2042 3447 2086 tor-

1873 2137 2096 2198 quetur.
2127 2129 2375 2199 Cumque
2422 2130 2716 2184 occasione
2767 2128 3110 2185 crudelitatis
3142 2125 3443 2195 explendae,

1876 2219 2037 2288 quasi
2064 2219 2344 2288 epulandi,
2368 2230 2552 2285 caret;
2586 2220 2914 2276 Maximinus
2970 2228 3026 2276 et
3058 2218 3266 2272 Clinias
3310 2216 3446 2270 sull-

1870 2311 2083 2368 sidiarii
2109 2318 2310 2381 praesto
2348 2321 2494 2366 sunt.
2532 2311 2589 2366 In
2625 2312 2693 2367 iis
2738 2311 2912 2366 furori
2952 2310 3274 2379 obsequitur
3319 2323 3441 2362 suo.

1872 2403 1978 2457 Sed
2001 2403 2132 2458 mihi
2163 2402 2377 2458 videtur
2416 2403 2529 2469 ille,
2560 2419 2685 2460 cum
2720 2403 2993 2475 ejusmodi
3028 2404 3120 2467 sit,
3168 2402 3439 2456 malorum

1869 2494 2179 2548 daemonum
2238 2494 2579 2564 providentia
2634 2510 2701 2549 ac
2750 2494 3004 2564 praesidio
3063 2494 3280 2559 fulciri;
3350 2492 3444 2562 qui

1869 2584 2031 2639 laude
2052 2585 2357 2649 hominum,
2392 2599 2456 2639 ac
2498 2585 2760 2641 secundis
2806 2586 2974 2641 rebus
3017 2584 3237 2639 afﬂuere
3291 2582 3445 2637 diras

1866 2677 1989 2731 illas
2023 2691 2087 2732 ac
2112 2678 2468 2735 detestabiles
2513 2679 2728 2733 animas
2760 2677 2986 2744 volunt;
3011 2676 3215 2746 quibus
3243 2675 3312 2729 ad
3345 2689 3445 2745 pu-

1867 2769 2043 2823 blicas
2070 2769 2415 2825 calamitates
2437 2769 2781 2845 administris
2803 2769 2881 2823 uti
2907 2775 3129 2838 queant.
3168 2766 3350 2832 Quare
3376 2779 3444 2819 ex

1867 2861 1937 2914 iis
1963 2861 2195 2931 gloriam
2215 2862 2319 2924 illi,
2354 2862 2513 2931 quasi
2558 2861 2687 2916 forti
2742 2859 2885 2924 viro,
2914 2872 2978 2913 ac
3009 2866 3257 2920 strenuo,
3291 2870 3445 2910 com-

1866 2961 2086 3019 parant.
2111 2951 2435 3020 Quanquam
2469 2951 2563 3020 qui
2596 2951 2744 3006 istud
2777 2950 3056 3013 convenit,
3087 2964 3209 3003 cum
3258 2947 3444 3003 excel-

1869 3054 1989 3094 sum
2010 3054 2073 3093 ac
2091 3039 2382 3094 sublimem
2404 3041 2681 3103 extulerit,
2707 3048 2763 3094 et
2788 3040 3047 3094 humilem
3076 3054 3142 3092 ae
3167 3038 3440 3107 deiectum

1868 3129 2246 3197 depresserit?
2265 3128 2370 3183 sub
2401 3143 2512 3198 quo
2540 3129 2795 3199 quisquis
2827 3128 3145 3183 moderatus
3178 3144 3242 3183 ac
3271 3128 3454 3197 placis

1866 3221 1951 3275 dis
1985 3220 2229 3274 moribus
2254 3230 2359 3285 est,
2385 3219 2545 3275 Caris
2575 3199 2717 3285 loco,
2752 3228 2916 3288 atque
2940 3217 3159 3272 infamis
3193 3217 3441 3280 ducitur,

1867 3312 1970 3366 soli
2000 3327 2127 3365 vero
2155 3310 2299 3379 apud
2326 3327 2451 3365 eum
2490 3320 2721 3380 possunt
2752 3308 2930 3364 Zenas
2960 3317 3014 3365 et
3053 3308 3231 3363 Julius
3257 3326 3270 3362 :
3303 3323 3443 3377 quo-

1866 3418 1988 3457 rum
2015 3400 2190 3457 Zenas
2230 3402 2321 3457 ille
2367 3410 2471 3464 est,
2506 3402 2598 3472 qui
2630 3402 2832 3470 duplex
2885 3401 2990 3455 hoc
3036 3414 3181 3454 anno
3208 3400 3440 3469 vectigal

1871 3493 2136 3558 extorsit;
2190 3493 2283 3561 qui
2334 3491 2558 3547 fratrem
2599 3508 2779 3548 meum
2815 3491 3169 3546 Auastasium
3202 3490 3440 3545 minatur

1874 3598 1934 3639 se
1957 3584 2107 3638 falsa:
2152 3584 2439 3654 legationis
2503 3591 2892 3638 accusaturum
2934 3598 2999 3638 ac
3046 3583 3437 3659 damnaturum

1872 3689 2012 3729 esse.
2034 3675 2211 3744 Atque
2228 3675 2319 3728 ille
2340 3677 2555 3729 volente
2576 3672 2891 3728 Andronico
2908 3673 3206 3743 plurimum
3235 3672 3432 3743 pateat;

1870 3764 2051 3820 Julius
2082 3780 2213 3819 vero
2244 3766 2415 3820 invito
2452 3782 2515 3821 ac
2548 3767 2827 3836 plorante;
2863 3781 2966 3821 nec
3017 3766 3071 3819 in
3106 3776 3436 3836 quemquam

1873 3857 2090 3918 fortior,
2124 3871 2288 3926 quam
2344 3857 2397 3911 in
2442 3857 2816 3912 Andronicum
2855 3858 3088 3914 exstitit.
3145 3856 3236 3912 Bis
3292 3858 3437 3913 enim

1867 3949 1979 4018 jam
2010 3964 2074 4003 ac
2129 3959 2213 4003 ter
2242 3950 2296 4003 in
2365 3949 2515 4003 illum
2567 3949 2900 4015 vociferans,
2960 3957 3015 4003 et
3052 3948 3320 4005 conviciis
3370 3948 3439 4003 de

1872 4043 2142 4112 plaustro,
2163 4050 2221 4095 ut
2238 4041 2413 4106 aiunt,
2440 4040 2827 4111 proscindens,
2854 4050 2909 4096 et
2930 4041 3207 4097 intentans
3229 4041 3436 4107 omnia,

1867 4148 1988 4203 qua:
2020 4131 2167 4185 dicta
2206 4145 2236 4185 a
2265 4146 2351 4186 me
2372 4146 2494 4186 esse
2523 4131 2744 4202 plurimi
2790 4132 3045 4197 facerem,
3085 4133 3266 4188 scelus
3302 4133 3437 4189 illud

1868 4240 2080 4278 murem
2111 4239 2178 4277 ex
2204 4224 2364 4277 leone
2397 4221 2654 4277 reddidit.
2688 4223 2868 4293 Atque
2923 4221 3124 4277 exinde
3175 4220 3269 4275 illo
3319 4228 3436 4276 tan-

1871 4330 2036 4384 quam
2062 4314 2335 4385 mancipio
2369 4315 2582 4381 utitur;
2624 4314 2846 4385 quando
2875 4330 2942 4371 ne
2992 4328 3186 4371 secure
3218 4312 3437 4384 quidem

1428 4471 1606 4529 DION.
1639 4471 1910 4527 PETAVII
1949 4471 2179 4527 NOTAE.

265 4629 500 4702 (l7)!Kai
524 4628 1753 4702 συνῆψετὰαὐλιιναῖαᾼιιτιιιιιΤῇνοηίοιιηι,

1872 4628 2185 4702 [ἶιδωοεῐιοη
2218 4631 2516 4689 consuluit.
2555 4632 2609 4687 in
2646 4646 2767 4686 eam
2814 4630 3136 4702 opinionem
3175 4630 3433 4687 inductus

193 4710 247 4753 et
295 4700 547 4753 Aulauaea
586 4700 923 4769 tributorum
969 4716 1166 4769 gem-ra
1212 4699 1401 4761 fuisse,
1450 4700 1627 4753 facilis
1674 4707 1759 4753 est

195 4769 454 4839 suspicio.
508 4770 586 4823 Ac
620 4770 771 4839 prius
799 4768 1018 4839 quidem
1066 4783 1097 4839 a
1126 4770 1398 4823 tironibus
1430 4769 1759 4839 deducitur;

193 4838 340 4906 quod
373 4841 424 4891 in
450 4838 637 4892 eorum
690 4838 1019 4907 stipendium
1063 4838 1401 4961 insumptum
1436 4840 1527 4893 sit.
1560 4838 1633 4892 De
1664 4855 1761 4907 pu-

194 4910 409 4961 steriori
439 4909 568 4961 quid
596 4924 695 4961 pro
722 4917 870 4961 certo
902 4907 1080 4961 dicam
1114 4922 1219 4961 non
1294 4908 1450 4961 abeo.
1493 4908 1760 4961 Meursius

194 4910 409 4978 steriori
439 4909 568 4976 quid
596 4924 695 4978 pro
722 4917 870 4963 certo
902 4907 1080 4978 dicam
1114 4922 1219 4961 non
1256 4907 1450 4963 habeo.
1493 4908 1760 4963 Meursius

198 4979 251 5030 in
292 4976 652 5033 Vocabulario
674 4978 783 5031 ἀπὸ
812 4978 909 5047 τῆς
940 4976 1111 5046 αὐλῆς
1125 4978 1436 5047 derivatum
1459 4978 1757 5038 existimat,

193 5047 338 5115 quod
389 5050 441 5100 in
472 5048 649 5100 aulam
716 5050 1040 5114 exigeretur.
1102 5046 1397 5113 Coujector
1442 5048 1534 5102 ille
1571 5048 1760 5103 nescio

192 5116 556 5189 quis,‘qui‘de
602 5116 995 5189 suburblcariis
1037 5117 1322 5189 vindicias;
1354 5118 1595 5189 scripsit.
1647 5130 1755 5189 non

194 5185 516 5256 liariolantis
544 5200 693 5240 more
724 5187 888 5254 (quod
929 5187 1103 5256 ipsum
1137 5185 1629 5255 tolerabile‘eSset),
1662 5185 1760 5256 sed

192 5267 451 5322 tanquam
488 5254 715 5324 Pythius
746 5254 963 5376 aliguis'
990 5270 1020 5309 e
1061 5258 1272 5308 cortina
1320 5256 1656 5323 pronuntiat,
1691 5255 1759 5309 τὰ

192 5325 457 5376 αὐξαναῖα
471 5339 589 5376 esse
605 5326 814 5376 superin
857 5327 983 5376 icta.
1000 5339 1092 5376 seu
1112 5337 1389 5376 auamcnta
1410 5327 1758 5376 indictionum

191 5325 457 5388 αὐξαναῖα
471 5339 589 5377 esse
605 5325 983 5394 superindicta,
1000 5339 1092 5377 seu
1112 5337 1389 5394 augmenta
1410 5327 1758 5379 indictionum

191 5405 239 5447 et
278 5395 616 5446 incrementa.
644 5393 733 5446 Ita
762 5396 899 5447 enim
938 5410 1108 5448 vocem
1150 5393 1412 5457 αὖξαναῖα
1450 5405 1645 5449 vertere
1671 5397 1759 5448 de-

192 5466 301 5516 buit
352 5465 630 5531 interpres,
657 5465 731 5517 ait
770 5465 875 5518 ille.
927 5463 1032 5518 Sed
1070 5465 1256 5517 multis
1303 5466 1478 5519 modis
1508 5480 1644 5518 vana
1674 5474 1759 5519 est

192 5549 255 5585 ac
296 5532 581 5603 temeraria
607 5534 711 5603 ista
746 5534 1051 5603 castigatio.
1087 5533 1327 5587 Primum
1359 5535 1623 5600 αὐξαναῖα
1650 5550 1759 5587 non

195 5603 418 5673 legitur_
440 5602 581 5671 apud
608 5602 928 5673 Synesium,
960 5602 1055 5658 sed
1096 5604 1380 5665 αὑλαναῖα,
1419 5613 1528 5657 tam
1559 5604 1611 5657 in
1642 5605 1758 5657 edi-

194 5672 340 5728 tione
377 5670 829 5735 Turnebi,'auam
865 5674 917 5727 in
951 5688 1080 5730 mss.
1109 5674 1386 5731 omnibus.
1412 5675 1479 5729 At
1511 5674 1634 5738 iste,
1662 5674 1755 5744 qui

1858 4708 1944 4755 est
1983 4701 2102 4755 solo
2136 4717 2322 4756 errore
2352 4702 2763 4772 typographico.
2795 4700 2907 4773 quo
2942 4703 2997 4757 in
3023 4700 3215 4756 Latina
3244 4710 3432 4757 nostra

1861 4785 2127 4842 uagantes
2158 4787 2255 4841 pro
2284 4773 2529 4825 aulana'a
2561 4773 2798 4842 irrepsit.

1931 4838 2137 4894 Deinde
2158 4838 2242 4895 'ab
2281 4856 2368 4903 eo,
2406 4842 2548 4910 quod
2579 4838 2936 4905 θειάὑξάνω,
2969 4840 3206 4896 derivari
3236 4841 3305 4894 τὰ
3335 4843 3434 4895 αὐ-

1860 4906 2068 4973 ξαναῖα,
2099 4925 2258 4965 nemo
2282 4906 2465 4965 Graece
2489 4913 2570 4965 vel
2622 4912 2975 4966 mediocriter
3001 4910 3252 4965 eruditus
3276 4910 3432 4966 dixe.

1858 4979 2106 5051 rit._[loc
2130 4981 2273 5051 enim
2307 4996 2403 5051 per
2438 4981 2582 5051 leges
2612 4981 2981 5051 graunnaticae
3011 4995 3127 5051 nou,
3146 4980 3289 5051 licet.

1931 5047 2041 5118 (18)
2069 5049 2176 5103 Καὶ
2203 5047 2340 5116 παρ’
2365 5047 2563 5114 evici);
2606 5047 2724 5104 ἰῶν
2750 5049 3079 5104 δακτύλων.
3114 5050 3432 5104 Mutilumne

1855 5116 2040 5190 dices,
2077 5134 2143 5171 an
2200 5119 2613 5190 δακτυλήθραις,
2671 5129 2723 5173 et
2762 5121 2815 5173 id
2858 5134 3030 5190 genus
3076 5121 3431 5190 instrumenti

1855 5188 2188 5242 carniﬁcinae
2227 5188 2431 5243 tortum
2465 5188 2527 5243 ac
2563 5190 2748 5260 digitis
2782 5188 3099 5244 retentum?

1924 5279 2035 5349 (l9)
2062 5280 2389 5349 Μαξιμῖνος
2412 5281 2509 5333 καὶ
2538 5280 2814 5347 Κλεινίας
2827 5280 3079 5350 aps-6pm.
3107 5280 3253 5335 Nova
3282 5284 3431 5337 meis

1852 5349 2077 5419 ἔφεδρος
2108 5353 2372 5420 acceptio.
2398 5351 2516 5405 Non
2529 5353 2674 5405 enim
2706 5349 3049 5407 crudelitatis
3073 5352 3431 5407 administros

1853 5428 1908 5474 et
1940 5420 2099 5491 quasi
2133 5420 2200 5473 de
2228 5422 2406 5491 palma
2439 5428 2718 5476 certantes
2759 5422 3051 5491 significat,
3088 5422 3181 5477 sed
3209 5438 3303 5476 cos
3334 5438 3429 5490 po-

1866 5490 1975 5543 tius
2008 5490 2061 5542 in
2080 5504 2218 5558 quos
2251 5489 2631 5545 crudelitatem
2678 5489 2897 5546 exercet
2927 5507 3101 5544 suam.
3136 5492 3247 5544 Nisi
3277 5489 3430 5545 anta-

1864 5560 2109 5629 gouistas
2148 5561 2228 5614 sic
2258 5569 2507 5629 usurpat,
2543 5572 2599 5615 ut
2633 5562 2756 5615 leno
2781 5562 2873 5615 ille
2911 5560 3275 5615 Terentianus
3303 5577 3316 5613 :

1866 5673 1968 5727 Ille
2006 5672 2342 5741 verberando,
2370 5691 2460 5744 ego
2481 5673 2799 5743 vapulando,
2822 5674 2973 5729 ambo
3000 5674 3191 5729 defessi
3220 5690 3424 5730 sumus.
