3838 6236
509 337 633 392 ibi“
1559 326 1821 382 SYNESII
1864 323 2328 379 I‘TOLEllAIDlS
2365 322 2670 378 EP-ISCOPI
3479 281 3486 304 Ἰ
3613 303 3618 306 Ι
3659 325 3771 379 ΗΞ]

502 468 588 506 me
621 449 811 506 eodem
844 457 1091 516 tempore
1119 445 1380 499 omnibus
1406 445 1686 507 orbatum,
1723 459 1785 496 ac
1817 443 2018 512 despoli

2263 441 2791 512 προσανακλᾴεσθαι,
2844 441 2937 492 καὶ
2965 439 3032 493 τὰ
3058 442 3174 492 κατ’
3207 439 3369 493 α’ὖτὸν
3395 439 3650 509 ἕκαστον
3680 440 3772 490 ὀλο-

501 552 615 596 ιυιη
643 555 786 596 esse.
831 537 934 593 Sed
965 536 1112 608 quod
1146 536 1417 590 malorum
1450 545 1535 590 est
1565 536 1728 606 longe
1762 537 2017 589 rnaximul

2251 533 2477 602 ipsaOat,
2528 532 2849 604 προσθήκην
2893 530 3050 602 ἔσχον
3097 531 3436 601 Ἀνδρόνικον
3487 531 3593 583 τὸν
3641 532 3767 583 κολο-

501 631 765 704 quodque
796 629 930 683 mihi
988 628 1338 698 desperatam
1390 632 1560 682 vitam
1595 627 1746 692 facit,
1804 641 2017 696 nunqua

2253 625 2340 678 Ewa
2372 624 2482 678 τῶν
2513 622 2721 689 κακῶν,
2761 621 2832 676 δι’
2865 623 2923 676 ὃν
2958 623 3078 676 οὐδὲ
3107 625 3289 694 ἀκαρῆ
3325 622 3668 692 καρποῦμαι
3696 625 3769 690 τῇ

509 731 672 775 antea
705 721 757 772 in
794 719 1050 788 precibus
1076 717 1142 771 ad
1167 716 1338 770 Deum
1363 715 1655 771 fundendis
1682 714 1940 770 frustrari
1964 729 2025 767 vo

2260 715 2488 785 ντροφόν
2535 731 2624 784 μοι
2660 713 2879 784 σχολήν.
2922 713 3061 766 Ἀλλ’
3090 714 3189 784 ἐμὲ
3233 714 3315 766 δεῖ
3365 714 3552 784 μηδὲν
3603 715 3771 782 ὄφελος

503 812 718 875 solitus,
746 826 894 864 nunc
923 810 1160 881 primum
1195 807 1400 865 frustra
1429 824 1515 863 me
1543 815 1825 879 precatum
1857 807 2019 863 sentit

2254 822 2317 857 τα
2353 803 2562 874 μηδενὶ,
2615 803 2830 857 πάντων
2859 803 3209 872 προσιόντων,
3241 803 3335 856 καὶ
3359 803 3465 874 τὴν
3496 803 3770 855 ἀσθένειαν

501 903 595 971 qui
630 901 890 954 :erumnis
948 913 1270 970 Oppressam
1336 897 1599 952 familiam
1665 896 1868 962 video;
1921 899 1992 950 et'

2251 895 2346 948 ιῶν
2376 895 2781 965 διελεγχόντων,
2817 895 3129 965 ἀνέχεσθαι.
3159 895 3301 965 Πρὸς
3335 894 3526 948 ταῦτα
3574 895 3767 965 δέομαι,

503 993 702 1046 afflicta
759 993 936 1062 patria
991 991 1204 1046 versari
1240 1004 1445 1061 cogor;
1499 999 1554 1045 et
1613 988 1872 1044 omnibus
1909 988 2019 1058 pala

2249 987 2332 1041 'tw
2362 987 2568 1059 σφόδρα
2610 987 2802 1058 δέομαι
2829 987 3032 1056 ἀμφοῖν
3071 987 3166 1056 μὲν
3196 985 3372 1056 ὑμῶν,
3403 985 3765 1056 διαφερόντως

505 1083 848 1153 propositus,
885 1096 1014 1137 suas
1048 1089 1108 1135 ut
1129 1082 1273 1152 apud
1313 1096 1400 1136 me
1429 1081 1776 1134 calamitates
1806 1079 2021 1148 deplore

2272 1078 2367 1131 σοῦ
2396 1079 2494 1148 τῆς
2528 1077 2688 1148 φίλης
2733 1095 2825 1148 μοι
2869 1077 3134 1147 κεφαλῆς,
3162 1077 3356 1146 ἀδελφὲ
3407 1079 3765 1132 Ἀναστᾶσα·

505 1191 568 1230 ac
597 1175 838 1246 lugeant,
904 1172 1281 1227 Andronicum
1323 1171 1594 1226 malorum
1649 1169 1894 1225 omnium
1935 1169 2021 1223 col

2257 1193 2260 1217 ι
2287 1171 2396 1241 γὰρ
2421 1169 2486 1240 δὴ
2511 1171 2700 1240 φήμην
2732 1169 2873 1240 ἔχεις
2925 1171 3246 1240 προστατεῖν
3290 1167 3492 1238 ἀνδρὸς
3547 1169 3773 1220 luscin-

502 1267 736 1336 phonem
793 1265 862 1319 ad
898 1279 961 1319 ea
1014 1264 1350 1318 accessionis
1412 1262 1578 1316 habui
1638 1263 1796 1328 loco;
1872 1271 2018 1331 pr0pl

2259 1281 2284 1326 ς
2315 1278 2329 1292 °
2380 1263 2434 1314 ετ
2460 1261 2544 1325 τίς
2591 1279 2672 1314 σοι
2715 1261 2942 1330 δύναμις
2983 1259 3285 1331 πάρεστιν
3333 1258 3482 1330 ὑπὲρ
3526 1261 3775 1312 Συνεσξου

504 1371 666 1424 quem
698 1373 766 1410 ne
793 1362 1072 1409 momento
1103 1353 1322 1424 quidem
1354 1352 1614 1407 familiari
1647 1353 1781 1406 mihi
1816 1353 1934 1406 otio
1964 1367 2020 1422 pe

507 1445 611 1470 τηατ
647 1445 769 1470 ιειυιι
833 1441 1068 1470 ΜΑτΑυ-ηιι
1098 1450 1278 1470 “non...
1308 1451 1386 1470 AB.
1434 1456 1520 1470 ,νιιι
1576 1456 1700 1470 ,ιη-ιι
1728 1440 1862 1470 null:
1895 1441 2001 1470 ..11η

2333 1352 2554 1422 μᾶλλον,
2593 1351 2628 1420 ἦ
2657 1349 2799 1420 ὑπὲρ
2837 1349 3172 1420 Ἀνδρονίκου
3196 1349 3549 1419 δικαιότερος
3580 1352 3652 1404 ἂν
3683 1351 3779 1419 εἴης

2298 1447 2323 1470 3
2361 1443 2682 1470 -.-.'...-....-.
2730 1443 3033 1470 λ...λ.η..ε,...
3079 1443 3382 1470 -,--....-ι--
3427 1443 3778 1470 n--‘.-..-e:-

506 1445 613 1498 frui
647 1445 792 1499 licet.
832 1441 1069 1498 Necesse
1097 1450 1280 1497 autem
1307 1451 1393 1497 est
1433 1456 1543 1506 me,
1575 1456 1700 1495 cum
1728 1440 1863 1494 nulli
1895 1441 2003 1494 ulla

2264 1447 2326 1514 τῇ
2361 1443 2640 1515 χρώμενος
2667 1459 2682 1474 ’
2725 1443 3033 1508 ἀπάλλαξον
3071 1443 3382 1512 κατηφείας
3426 1443 3779 1513 Πτολεμαῖέι

505 1552 565 1593 re
646 1535 909 1605 prodesse
983 1535 1216 1604 possim,
1286 1533 1618 1589 adeuntibus
1700 1533 1980 1598 omnibus,

2265 1551 2288 1584 ν
2313 1532 2581 1602 λαχοῦσαν
2614 1550 2680 1603 με
2708 1533 2882 1597 πόλιν,
2914 1534 3014 1587 οὑκ
3041 1532 3174 1604 ἐμοῦ
3206 1535 3258 1601 γ’
3284 1533 3582 1597 ἐθέλοντος
3608 1554 3625 1567 ο

508 1626 939 1683 imbecillitatem
1007 1633 1248 1677 nostram
1310 1624 1694 1694 arguentibus,
1741 1640 1900 1694 aequo
1965 1639 2024 1677 au

2266 1623 2423 1676 τάντα
2452 1622 2593 1692 ὁρῶν
2617 1622 2894 1694 ὀφθαλμὸς
2920 1623 3013 1678 τοῦ
3045 1622 3200 1676 Θεοῦ.
3229 1624 3342 1678 Οὐκ
3369 1622 3494 1678 οἴδα
3537 1627 3692 1697 ὑπὲρ
3720 1629 3782 1678 τέ-

508 1733 596 1770 mo
627 1716 883 1771 tolerare.
944 1713 1026 1769 Ob
1061 1715 1177 1768 haec
1241 1715 1470 1785 supplex
1516 1731 1668 1785 rogo,
1738 1730 2024 1786 magnoper

2264 1731 2297 1766 ιν
2325 1715 2522 1767 ἐκτίνω
2563 1714 2832 1778 τοσαύτας
2873 1715 3030 1777 δίκας
3050 1732 3064 1746 ·
3096 1716 3189 1769 καὶ
3219 1719 3272 1770 ετ
3294 1735 3395 1786 τῳ,
3446 1721 3624 1788 φησι,
3661 1720 3780 1772 θεᾷιρ

507 1809 751 1878 inquam,
775 1821 932 1876 rogo,
958 1821 1080 1859 eum
1107 1813 1403 1875 utrumque
1431 1816 1697 1867 vestrum,
1723 1813 1839 1860 tum
1860 1806 2023 1860 charu

2269 1804 2471 1874 ίφθονοι
2529 1805 2792 1876 πρότερον
2834 1801 3008 1876 ἦμεν,
3057 1785 3423 1878 ἀποχρώντως
3461 1785 3781 1880 τετιμωρή-

508 1905 560 1951 te
590 1896 860 1965 imprimis
901 1896 1032 1948 mihi
1065 1903 1253 1964 caput,
1287 1893 1457 1948 frater
1491 1895 1746 1948 Anastasi
1785 1913 1797 1947 :
1859 1904 1910 1948 te
1943 1895 2024 1948 eni

2267 1897 2356 1951 θα.
2411 1897 2576 1951 Ἀλλά
2608 1898 2812 1968 ταύτην
2856 1915 2921 1967 γε
2953 1899 3051 1969 τὴν
3081 1901 3262 1969 φωνὴν
3289 1899 3444 1963 ἀξιον
3482 1901 3679 1954 εἰπεῖν
3707 1902 3783 1954 καὶ

508 1986 653 2039 fama
690 1993 775 2040 est
806 1984 859 2038 in
893 1985 1161 2038 furiosum
1197 1999 1262 2038 ac
1319 1984 1569 2038 rabidum
1635 1984 1909 2038 hominem
1945 1985 2024 2054 jm

2271 1989 2332 2059 ὲρ
2365 1989 2694 2060 Μαξιμίνου,
2723 1991 2816 2043 καὶ
2843 1991 2980 2061 ὑπὲρ
3006 1990 3274 2054 Κλεινίου,
3318 1990 3418 2055 οὒς
3447 1993 3589 2062 ἐμοὶ
3613 1993 3783 2063 ¹δοκεῖν

508 2075 769 2129 nonnihil
807 2076 1041 2140 habere;
1097 2077 1142 2128 si
1195 2075 1325 2144 quid
1359 2076 1414 2128 in
1463 2083 1514 2128 te
1567 2075 1912 2129 auctoritatis
1963 2091 2021 2129 es

2260 2098 2308 2146 p.
2339 2077 2512 2151 δοκεῖ]
2539 2079 2603 2132 ἂν
2629 2080 2725 2134 καὶ
2746 2081 2894 2144 ὅστις
2920 2080 3200 2149 ὠμότατος
3221 2080 3497 2150 δαιμόνων
3529 2081 3776 2150 ἠλέησεν.

503 2165 714 2233 justius
746 2168 892 2220 enim
919 2175 1003 2221 est
1038 2176 1088 2219 te
1122 2182 1185 2221 ea
1222 2165 1552 2236 in‘Synesii,
1602 2175 1765 2234 quam
1801 2166 1853 2218 in
1878 2166 2019 2218 Andr

2255 2170 2552 2241 ἱξῃρήσθων
2581 2169 2673 2224 τοῦ
2701 2170 2861 2238 λόγου
2907 2170 3045 2234 Θόας
3074 2187 3132 2224 τε
3176 2171 3267 2224 καὶ
3309 2169 3700 2240 Ἀνδρόνικος,
3731 2173 3771 2222 οξ

505 2257 616 2310 nici
649 2260 882 2328 gratiam
915 2253 990 2312 uti
1026 2277 1040 2312 :
1089 2258 1258 2312 libera
1309 2271 1543 2312 rrraerore
1569 2271 1630 2310 ac
1659 2256 2021 2310 tristitia'Ptol

1477 2272 1543 2309 ire
1569 2271 1630 2310 ac
1659 2256 1881 2309 tristitia
1900 2256 2094 2311 'Ptule-
2199 2261 2350 2330 μόνοι
2374 2261 2642 2332 δαιμόνων
2670 2262 2993 2332 ἀμείλικτον..

507 2346 775 2411 maidem;
808 2362 970 2417 quam
1015 2361 1118 2418 ego
1163 2345 1353 2400 urbem
1387 2347 1797 2408 sortitussum,
1826 2345 2076 2414 equidem
2111 2350 2336 2405 minime
2373 2352 2562 2407 volens
2605 2373 2618 2407 :
2653 2353 2805 2408 novit
2851 2353 3032 2408 omnia
3061 2350 3364 2423 pervadens
3421 2350 3638 2406 oculus
3680 2351 3776 2404 llri.

507 2435 720 2500 Quibus
769 2438 837 2489 de
890 2436 1077 2489 causis
1117 2444 1224 2486 tam
1283 2449 1477 2503 graves
1538 2445 1731 2502 pmnas
1779 2433 2056 2488 exsolvam
2121 2440 2335 2494 nescio.
2372 2439 2518 2496 Etsi
2568 2443 2750 2513 cujus,
2787 2443 2965 2511 aiunt,
3007 2444 3234 2499 deorum
3273 2442 3548 2498 invidiam
3593 2446 3652 2499 in
3691 2460 3782 2499 nos

508 2527 1172 2590 concitaveriauus,satis
1233 2539 1510 2594 superque
1576 2538 1862 2593 poenarum
1930 2525 2204 2584 dedimus.
2251 2529 2454 2586 Verum
2492 2534 2596 2588 hac
2627 2537 2746 2604 ipsa
2782 2547 2918 2590 voce
2978 2535 3173 2590 merito
3200 2547 3312 2603 -pro
3367 2533 3680 2589 Maximino
3732 2541 3783 2589 et

507 2625 681 2681 Clinia
721 2633 806 2678 est
869 2621 1153 2675 utendum.
1180 2617 1441 2684 “Quorum
1488 2618 1573 2671 vel
1625 2617 2047 2674 crudelissimus
2075 2623 2334 2693 quisque,
2372 2633 2429 2680 ut
2471 2627 2689 2696 opinor,
2730 2627 3038 2682 daemonum
3069 2627 3509 2684 misericordiam
3542 2641 3778 2700 caperrat.

508 2721 812 2775 Thoantem
897 2725 950 2768 et
1001 2713 1376 2767 Andronicum
1437 2712 1670 2782 excipio,
1711 2712 1804 2780 qui
1833 2712 1934 2766 soli
1971 2723 2100 2769 sunt
2131 2717 2435 2775 dmmonum
2468 2722 2865 2791 implacabiles.

823 2826 988 2896 228
1029 2822 1369 2880 EPISTOLA
1410 2823 1622 2881 LXXIX
1669 2825 1768 2879 bis.

1725 2843 1768 2879 δ·
2734 2837 3083 2891 ΕΠΙΣΤΟΛΗ
3120 2836 3241 2890 06’.

1142 2937 1452 3006 Theophila.
2333 2986 2338 2992 .
2611 2949 2658 2999 Θ,

2333 2986 2338 2992 -
2611 2947 2880 3016 Θεοφίλῳ
2913 2945 3023 3018 [γρ.
3049 2945 3345 3018 Geor/pqr].

581 3030 846 3102 Equidem
883 3029 1134 3100 paternis
1183 3029 1460 3083 mandatis
1514 3034 1569 3081 et
1602 3041 1850 3090 manum.
1902 3034 1957 3081 et
1991 3041 2088 3081 vo-

2269 3035 2410 3104 Ἐγὼ
2456 3039 2554 3107 μὲν
2580 3033 2690 3101 οἷος
2723 3033 2792 3106 ἦν
2838 3035 2918 3107 τῷ
2954 3037 3208 3108 πατρικῷ
3253 3037 3654 3108 προστάγματι
3684 3040 3775 3093 καὶ

515 3127 776 3181 Ῑιιιιιειιοιιι
813 3120 1120 3175 ministram
1151 3133 1301 3174 eram
1325 3118 1674 3173 adhibiturus
1703 3135 1718 3181 ;
1745 3119 1840 3173 sed
1870 3133 1938 3172 ne
1959 3119 2031 3171 Ar

2267 3130 2344 3200 Γρα
2365 3128 2460 3181 καὶ
2482 3128 2708 3200 γνώμην
2737 3129 3005 3201 ὑπηρέτιν
3025 3132 3353 3198 εἰσενεγκεῖν
3372 3146 3387 3160 ο
3423 3129 3545 3183 ἀλλ’
3567 3132 3677 3185 οὐκ
3701 3133 3783 3195 ἂν,

511 3215 715 3286 pelium
741 3210 964 3283 quidem
1005 3211 1328 3280 diligentius
1354 3211 1595 3264 arbitror
1623 3209 1741 3264 suis
1775 3208 2027 3263 comntod

2267 3240 2365 3286 ιαι,
2403 3223 2620 3275 κάλλιον
2673 3222 2966 3291 Ἀμπέλιος
3011 3222 3277 3291 ἐσκέψατο
3312 3222 3445 3292 περὶ
3468 3223 3588 3276 τῶν
3613 3225 3783 3293 ἑαυτῷ

510 3305 884 3376 prospexisse,
919 3317 1087 3373 quam
1130 3299 1398 3364 Nicaeum,
1460 3309 1520 3355 ut
1581 3301 1702 3355 suis
1761 3300 1876 3370 ipse
1924 3301 2026 3355 bon

2270 3311 2630 3376 σιτελούντων,
2677 3311 2969 3381 ἢΝίκαιος
3013 3312 3153 3382 ὑπὲρ
3195 3311 3288 3364 τοῦ
3320 3311 3440 3375 πῶς
3482 3312 3786 3386 ἀλλοτριω-

508 3399 810 3454 excideret.
839 3395 974 3450 Nam
1011 3411 1190 3466 neque
1211 3396 1345 3466 quid
1375 3411 1558 3450 causa:
1591 3404 1750 3449 antea
1805 3396 1874 3449 ad
1919 3411 2019 3465 pro

2270 3405 2308 3472 ξη
2337 3402 2444 3455 τῶν
2475 3401 2690 3457 ἑαυτοῦ.
2719 3401 2857 3456 Οὔτε
2889 3401 2996 3474 γὰρ
3031 3403 3117 3471 ἐφ’
3150 3397 3232 3466 οἷς
3271 3401 3545 3472 πρότερον
3571 3406 3786 3475 ἀπῆρεν

510 3487 837 3550 eiscendum
866 3486 1148 3552 habuerit,
1181 3489 1316 3542 satis
1347 3487 1464 3541 seio
1490 3505 1504 3552 ;
1563 3501 1741 3555 neque
1779 3501 1879 3541 cur
1905 3486 2020 3541 redi

2265 3499 2304 3546 ἰα
2331 3493 2513 3557 καλῶς
2537 3511 2551 3526 ο
2576 3493 2694 3548 ὀὔτ’
2725 3495 2820 3547 ἐπὶ
2851 3495 2992 3548 τίσιν
3016 3493 3318 3563 ἐπανῆλθεν
3343 3511 3356 3522 ·
3383 3492 3502 3545 οὔτ’
3524 3497 3632 3548 ἐπὶ
3651 3498 3781 3548 τίσιν

510 3582 616 3644 rit;
653 3595 830 3649 neque
891 3595 993 3634 cur
1030 3579 1227 3634 iterum
1261 3592 1490 3649 peregre
1533 3579 1605 3632 sit
1641 3577 1936 3645 profectus.
1983 3579 2026 3645 ρ

2262 3584 2346 3648 θις
2377 3584 2668 3655 ἀποδημεῖ.
2709 3584 2833 3648 Πῶς
2861 3585 2992 3653 γὰρ,
3025 3584 3085 3636 ὃν
3113 3583 3223 3636 οὔτ’
3249 3578 3422 3648 εἶδον,
3473 3585 3611 3637 οὒτε
3662 3587 3778 3654 περὶ

509 3671 657 3726 enim
686 3685 926 3734 nossem,
962 3685 1087 3725 eum
1129 3684 1230 3724 nec
1269 3684 1393 3724 eum
1425 3669 1684 3735 viderim,
1717 3685 1819 3725 nec
1849 3671 1988 3725 certi
2019 3692 2025 3719 t

2262 3674 2356 3727 τοῦ
2408 3693 2462 3727 τι
2509 3675 2681 3745 σαφὲς
2725 3675 3100 3745 ἀπηγγέλλετο
3122 3692 3135 3706 ·
3195 3675 3331 3728 ἀλλά
3357 3673 3458 3745 τὴν
3489 3677 3778 3744 ἐπιστολὴν

510 3776 577 3822 eo
605 3761 904 3830 quidquam
931 3760 1376 3815 renuntiaretur?
1406 3761 1548 3827 Quin
1603 3775 1760 3814 sacra
1791 3769 1884 3813 tua
1922 3775 2026 3814 mar

2265 3781 2289 3828 ς
2333 3765 2484 3835 ἱερᾶς
2517 3780 2609 3816 σου
2637 3765 2817 3835 χειρὸς
2841 3765 3027 3835 ἕτερός
3055 3781 3137 3827 τις
3161 3765 3408 3833 ἐκόμισε,
3452 3765 3556 3817 καὶ
3582 3767 3781 3833 ταύτην

513 3853 753 3922 scriptas
791 3853 1001 3906 litteras
1037 3852 1180 3906 alius
1207 3851 1428 3920 quidam
1467 3852 1648 3908 attulit
1669 3889 1684 3912 ,
1713 3859 1769 3905 et
1795 3851 1896 3906 has
1928 3852 2029 3906 vici

2264 3855 2513 3926 τῄτησεν,
2543 3856 2618 3920 ὼς
2644 3856 2746 3926 ἥδη
2772 3856 3000 3911 Νικαίου
3031 3855 3290 3918 λύσαντος
3314 3854 3377 3907 τὸ
3399 3860 3780 3926 πρυμνήσιον;

511 3944 614 3998 sim
641 3943 832 4013 petiit;
863 3943 1122 4012 quoniam
1155 3943 1265 4010 jam
1289 3941 1511 3996 [Nicaeus
1545 3957 1576 3996 e
1610 3950 1770 4011 portu
1805 3942 2027 3997 solvisse

2261 3948 2302 3999 ri.
2319 3947 2420 4000 οὐκ
2444 3947 2556 4017 ἐγὼ
2582 3949 2680 4017 μὲν
2709 3950 2809 4001 οὐκ
2834 3944 2972 4002 εἶδον
2997 3947 3156 4001 αὐτόν
3173 3965 3186 3979 ·
3221 3948 3250 4000 ὁ
3277 3947 3320 4000 δ’
3349 3948 3587 4018 ἡγεμὼν
3623 3945 3777 4010 εἶδεν,

511 4035 701 4105 NeQue
733 4049 862 4091 vero
912 4034 1044 4088 mihi
1097 4033 1317 4103 quidem
1352 4034 1442 4088 ille
1475 4034 1630 4088 visus
1677 4049 1790 4089 non
1817 4042 1933 4097 est;
1972 4033 2027 4088 dt

2259 4036 2514 4106 ἧκουσεν.
2557 4037 2720 4092 Ἀλλά
2764 4040 3013 4103 κάκεῖνος
3058 4038 3168 4092 οῠτ’
3197 4034 3361 4104 εἶδεν,
3403 4039 3526 4093 οὔτ’
3554 4042 3774 4112 ἤκουσε.

512 4135 697 4181 autem
736 4133 830 4179 aut
851 4125 1015 4189 vidit,
1048 4131 1144 4177 aut
1200 4123 1268 4178 de
1300 4138 1365 4177 eo
1394 4124 1598 4191 aliquid
1647 4123 1840 4177 audiit.
1882 4122 1988 4177 Sed
2019 4138 2028 4176 1

2257 4127 2316 4190 ὒς
2341 4125 2434 4182 οὖν
2463 4129 2578 4182 ἔστι
2609 4129 2834 4183 Νίκαιον
2860 4133 3015 4202 νικᾷν
3041 4131 3328 4202 ὑπερόριον
3359 4132 3420 4184 ἐν
3451 4132 3619 4202 ἀγρῷ
3649 4132 3773 4184 διαι-

511 4215 604 4270 ille
635 4213 858 4284 quidem
889 4213 1045 4278 vidit,
1077 4219 1170 4265 aut
1209 4211 1404 4265 audiit.
1453 4209 1744 4276 Quomodo
1794 4211 1961 4278 igitur
1997 4209 2027 4262 ΙΝ

2256 4233 2433 4286 »μενον
2456 4233 2468 4245 ⁸
2525 4217 2640 4270 ἀλλ’
2667 4218 2788 4270 ἀντὶ
2816 4217 3006 4271 τούτου
3054 4218 3222 4272 πολλά
3252 4218 3478 4286 κάγαθά
3497 4261 3514 4285 ,
3563 4221 3656 4273 καὶ
3683 4221 3772 4271 ὅσα

510 4318 657 4362 enus
671 4303 874 4366 vi‘ncat,
910 4301 1004 4372 qui
1031 4301 1088 4354 in
1115 4315 1247 4370 agro
1271 4300 1459 4370 procul
1493 4302 1560 4353 ab
1585 4300 1648 4354 iis
1675 4300 1873 4356 finibus
1920 4299 2022 4369 deg

2257 4308 2450 4376 ὶρουσιν
2469 4299 2609 4378 ὧραι
2634 4310 2746 4371 τοῖς
2769 4311 3035 4378 γεωργοῖς
3066 4308 3257 4378 ἔχοντα
3280 4326 3296 4374 ;
3328 4309 3513 4362 Πλείω
3537 4310 3583 4362 δ’
3604 4311 3672 4363 ἂν
3693 4305 3773 4378 ἦν,

510 4405 567 4450 et
616 4409 717 4466 pro
769 4408 840 4449 eo
889 4393 1306 4448 commoditates
1370 4393 1636 4465 plurimas
1666 4431 1682 4455 ,
1734 4406 2021 4462 quaseunq

1603 4407 1636 4446 s
1666 4431 1682 4455 ,
1734 4406 2094 4462 quascunque
2195 4397 2242 4448 εί
2273 4399 2368 4450 καὶ
2397 4398 2505 4452 τῶν
2537 4396 2803 4468 μητρῴων
2829 4399 3119 4469 ἐκράτησε.

513 4482 775 4554 agricolis
844 4488 1200 4551 tempestates
1258 4480 1463 4544 ferunt,
1548 4481 1823 4550 percipit?
1899 4479 2092 4536 Plures

512 4582 693 4630 autem
729 4573 930 4638 forent,
968 4573 1015 4628 si
1057 4578 1303 4626 materna
1334 4572 1478 4626 bona
1513 4573 1853 4627 retinuisset.
2118 4575 2163 4630 ι)

1007 4681 1340 4738 EPISTOLA
1372 4681 1590 4738 LXXX.

2745 4685 3094 4741 ἘΠΙΣΤΟΛΗ
3127 4685 3208 4740 11'.

536 4858 541 4863 _
967 4797 1306 4865 Philosophe:
1335 4798 1635 4867 magistraz.

2103 4845 2106 4848 .
2759 4793 2842 4863 Τῇ
2865 4798 3197 4866 φιλοσόφῳ.

534 4928 542 4934 -
587 4888 829 4944 Tametsi
855 4903 964 4943 non
994 4890 1183 4942 omnia
1215 4887 1346 4940 mihi
1370 4886 1585 4955 eripere
1614 4885 1831 4941 fortuna
1877 4893 2050 4958 potest

2279 4886 2343 4937 Ei
2386 4886 2481 4938 καὶ
2513 4884 2589 4957 μὴ
2633 4885 2812 4940 πάντα
2841 4888 2869 4939 ὁ
2909 4887 3120 4958 δαίμων
3147 4886 3446 4956 ἀφελέσθαι
3486 4908 3595 4961 μου
3631 4893 3781 4946 δύνει-

513 4983 629 5038 vult
660 4989 842 5036 tamen
873 4993 1217 5050 quaecunque
1241 4986 1423 5048 potest
1453 4996 1469 5032 :

2187 4992 2294 5039 ται,
2329 4975 2465 5028 ἀλλὰ
2496 4975 2748 5044 βούλεται
2774 4978 2874 5030 ὅσα
2896 4994 2960 5046 γε
2992 4977 3214 5032 δύναται
3239 4991 3254 5007 ·

587 5073 720 5139 Qua:
753 5072 893 5126 natis
930 5087 1094 5125 meme
1124 5070 1330 5124 orbavit
1357 5069 1640 5139 multisque
1667 5067 1933 5138 bonisque.

2267 5085 2297 5131 ς
2323 5066 2386 5132 μ’
2409 5064 2556 5119 υἱῶν
2583 5066 2830 5120 πολλῶν
2854 5083 2916 5120 τε
2944 5066 3044 5120 καὶ
3077 5066 3304 5122 ἐσθλῶν
3330 5066 3514 5124 εὖνιν
3540 5072 3783 5138 ἔθηκεν.

513 5164 627 5221 Sed
685 5164 894 5234 optima
952 5176 1186 5232 quaeque
1235 5160 1379 5216 velle
1448 5166 1504 5214 et
1549 5160 1756 5229 injuria
1809 5171 2029 5227 oppress

2268 5155 2363 5208 λλά
2392 5157 2453 5208 τό
2482 5173 2545 5224 γε
2576 5157 2960 5228 προαιρεῖσθαι
2988 5158 3058 5211 τά
3088 5157 3360 5228 βέλτιστα,
3404 5162 3504 5214 καὶ
3535 5163 3784 5216 τίθεσθαι

515 5255 732 5320 adesse,
758 5255 892 5308 mihi
929 5268 1212 5323 nunquam
1247 5251 1459 5321 eripiet.
1491 5249 1650 5305 Absit
1685 5249 1832 5305 enim
1881 5256 1942 5302 ut
1973 5263 2031 5302 au

2268 5249 2303 5311 ῖς
2332 5245 2733 5316 ἀδικουμένοις,
2763 5249 2865 5301 οὐκ
2896 5249 3281 5320 ἀφαιρήσεται.
3327 5251 3421 5320 Μὴ
3453 5253 3568 5323 γὰρ
3599 5253 3671 5325 δὴ
3703 5256 3784 5306 καὶ

516 5360 667 5406 mum
700 5359 921 5414 quoque
972 5357 1154 5399 meum
1182 5341 1494 5412 expugnet!
1527 5338 1630 5394 Odi
1677 5339 1844 5408 igitur
1875 5337 2032 5407 injust

2262 5353 2295 5402 5
2322 5335 2543 5406 γνώμης
2581 5337 2738 5406 ἡμῶν
2778 5337 3125 5408 κατισχύσειε
3150 5340 3163 5392 !
3215 5339 3381 5393 Μισῶ
3410 5342 3517 5412 μὲν
3548 5340 3648 5396 οῦν
3672 5345 3778 5396 ἀδι-

514 5435 647 5490 tiam
683 5435 830 5489 :hoc
883 5433 1029 5486 enim
1086 5433 1215 5487 licet
1247 5449 1262 5498 ;
1293 5431 1588 5502 prohibere
1651 5437 1833 5486 autem
1894 5427 2030 5482 velle

2260 5445 2317 5479 αν
2341 5442 2358 5460 ο
2403 5427 2580 5494 ἔξεστι
2622 5427 2767 5498 γάρ’
2817 5428 3047 5483 κωλύειν
3071 5429 3128 5482 δὲ
3155 5429 3451 5502 βουλοίμην
3488 5435 3614 5504 μὲν,
3655 5435 3776 5488 sm

514 5525 787 5595 equidem.
829 5521 1028 5578 Verum
1057 5533 1110 5577 et
1143 5522 1246 5577 hoc
1277 5535 1344 5576 ex
1375 5536 1565 5577 eorum
1609 5534 1808 5590 genere
1835 5527 1940 5582 est,
1969 5533 2030 5587 qu

2261 5518 2289 5569 εὶ
2319 5517 2476 5571 τοῦτο
2523 5517 2632 5578 τῷν
2661 5518 3064 5589 ἀφαιρεθέντων
3095 5521 3233 5587 ἐστὶ,
3289 5523 3386 5577 καὶ
3426 5524 3647 5596 οἴχεται
3696 5525 3777 5580 καὶ

516 5616 650 5668 mihi
677 5625 860 5684 erepta
888 5621 1021 5668 sunt
1053 5631 1066 5667 :
1100 5621 1153 5668 et
1197 5621 1322 5668 ante
1373 5613 1574 5668 liberos
1605 5625 1670 5666 ea
1702 5626 1760 5666 re
1812 5625 1937 5665 sum
1973 5624 2032 5678 pr

1377 5613 1574 5668 liberos
1605 5625 1670 5666 ea
1702 5626 1760 5666 re
1812 5625 1937 5665 sum
1973 5609 2084 5678 pri-
2194 5607 2350 5660 τοῦτο
2381 5609 2484 5678 πρὸ
2512 5608 2618 5661 τῶν
2649 5608 2893 5664 παιδίων.

517 5707 695 5752 vatus.
