3838 6236
61 373 185 434 “5‘5

215 488 393 543 Πάλαι
419 488 546 541 ποτ’
570 481 733 558 ἦσαν
752 486 991 555 ἄλκιμοι
1016 483 1319 549 Μιλήσιοι.
1627 488 1673 544 Α

54 576 155 636 Ἦν
177 584 253 636 ὅτε
277 580 429 649 κάγὼ
456 580 630 649 φίλοις
660 579 851 647 ὄφελος
876 575 980 649 ἦν’
1035 577 1131 630 καὶ
1172 576 1237 629 σύ
1285 593 1353 646 με
1385 575 1599 638 ἐκάλεις

54 673 308 743 ἀλλότριον
342 671 544 738 ἀγαθὸν
576 673 654 735 είς
695 671 915 741 ἑτέρους
947 668 1271 722 δαπανῶντα
1319 668 1418 738 τὴν
1456 667 1600 739 παρὰ

49 764 153 815 τῶν
182 763 307 831 μέγα
354 761 665 830 δυναμένων
692 761 824 814 αἰδῶ
851 776 863 789 ·
909 761 1003 813 καὶ
1032 756 1172 830 ἦσαν
1201 760 1394 812 ἐκεῖνοι
1423 762 1600 830 χεῖρες

50 853 190 925 ἐμαί.
213 852 339 906 Νυνὶ
373 852 426 904 δὲ
462 854 716 906 ἁπάντων
744 851 945 922 ἕρημος
969 852 1353 922 ὑπολείπομαι,
1388 852 1527 921 πλὴν
1553 851 1607 903 εἴ

48 962 100 998 τι
137 946 194 997 σὺ
232 944 367 1015 ’δύνῃ
393 960 406 973 ·
454 946 553 997 ικαὶ
599 944 799 1020 γὰρηδὴ
840 945 935 997 καὶ
976 943 1037 995 σὲ
1092 944 1229 1013 μετὰ
1264 944 1361 1015 τῆς
1402 943 1600 1013 ἀρετῆς

47 1036 236 1104 ἀγαθὸν
261 1036 449 1090 ἄσυλον
483 1034 719 1106 ἀριθμῶ.
752 1036 824 1088 Σὺ
853 1036 952 1105 μὲν
975 1031 1066 1088 οὖν
1099 1036 1187 1089 ἀεὶ
1218 1035 1315 1087 καὶ
1334 1034 1484 1105 δύνῃ,
1508 1034 1602 1086 καὶ

46 1131 219 1184 δύναιο
258 1129 516 1183 κάλλιστα
548 1132 803 1201 χρωμένη
836 1128 914 1198 τῷ
940 1128 1219 1182 δύνασθαι.
1276 1128 1498 1185 Νίκαιος
1543 1127 1601 1179 δὲ

45 1220 139 1273 καὶ
164 1219 403 1282 Φιλόλαος
428 1221 475 1272 οἱ
510 1220 663 1273 καλοὶ
696 1219 926 1287 κάγαθοὶ
950 1214 1154 1272 νεανίαι
1187 1218 1277 1272 καὶ
1298 1222 1599 1287 συγγενεῖς,

43 1312 187 1374 ὅπως
220 1310 554 1364 ἐπανέλθοιεν
591 1311 699 1364 τῶν
747 1310 890 1363 ἰδίων
926 1310 1203 1381 γενόμενοι
1235 1310 1432 1381 κύριοι,
1468 1312 1601 1363 πᾶσι

44 1403 244 1474 μελέτω
276 1406 397 1467 τοῖς
439 1403 508 1457 τὰ
555 1403 624 1457 σὰ
669 1404 870 1475 τιμῶσι
924 1404 1019 1459 καὶ
1072 1402 1309 1466 ἰδιώταις
1357 1403 1450 1457 καὶ
1496 1403 1602 1473 ἄρ-

40 1511 211 1566 χουσι.

561 1783 903 1839 ΕΠΙΣΤΟΛΗ
941 1785 1067 1839 IIA'.

590 1969 596 1974 '
632 1897 717 1964 Τῷ
743 1896 1004 1967 ἀδελφῷ.

103 1991 241 2044 Τίνα
267 1989 365 2061 μέν
388 2006 491 2054 τοι,
519 1988 641 2044 τίνα
682 1988 836 2059 παρὰ
872 1988 981 2043 τῶν
1008 1983 1121 2052 οἷος
1144 1988 1309 2051 αὐτὸς
1338 1983 1410 2055 εἶ,
1438 2005 1608 2059 προσο

24 2085 161 2156 ήκει
211 2082 614 2152 Θαυμάζεσθαις
664 2080 766 2136 Τὸν
798 2080 1050 2153 σώφρονα
1071 2123 1087 2148 ,
1115 2083 1207 2136 τὸν
1228 2081 1467 2152 ἐμμελῆ,
1516 2082 1607 2135 τὸν

24 2175 287 2239 παιδείας
310 2176 552 2243 ἑταῖρον,
595 2173 687 2228 τὸν
733 2172 1140 2245 προσανέχοντα
1171 2171 1249 2241 τῷ
1292 2171 1412 2241 Θεῷ
1440 2171 1609 2226 καθά-

24 2266 170 2331 παξ,
216 2264 305 2317 τὸν
349 2261 459 2327 οἷός
493 2265 611 2317 ἐστι
657 2263 959 2332 Γερόντως.
992 2263 1177 2332 Ἔχεις
1206 2257 1298 2316 οὖν
1322 2261 1414 2315 τὸν
1442 2262 1609 2333 ἄνδρα

25 2357 181 2428 μετὰ
208 2357 307 2426 τῆς
336 2356 645 2428 ἐπιστολῆς,
672 2348 716 2423 ᾧ
734 2355 1112 2427 χρησάμενος,
1137 2354 1282 2425 ἐρεῖς
1312 2355 1375 2406 οὺ
1406 2353 1610 2423 φαῦλον

23 2449 329 2520 ἐπαινέτην
356 2448 479 2519 ὲμὲ.

577 2646 921 2700 ΕΠΙΣΤΟΛΗ
957 2644 1082 2699 ΠΒ’.

719 2758 841 2827 Χρύ
846 2772 928 2827 σῃ
939 2799 952 2812 .

96 2853 224 2920 Οὐχ
254 2851 335 2904 ὅτι
365 2866 455 2920 μοι
483 2849 590 2903 τῶν
618 2849 844 2904 παιδίων
874 2849 1141 2920 συγγενής
1174 2850 1318 2902 ἐστιν
1351 2852 1379 2902 ὁ
1406 2850 1617 2919 θαυμα-

23 2944 160 3007 στὸς
197 2941 497 3012 Γερόντιος,
531 2942 820 3012 συνίστημι
841 2940 934 2995 τὸν
962 2941 1242 2995 νεανίσκον
1269 2944 1334 3013 τῇ
1367 2941 1517 3010 φιλίᾳ.
1548 2943 1614 3010 τῇ

23 3038 91 3106 τῇ
124 3052 140 3065 ο
200 3034 297 3086 καὶ
337 3033 493 3086 τοῦτο
542 3033 640 3104 μὲν
669 3033 778 3103 γὰρ
803 3050 818 3064 °
853 3032 970 3087 ἀλλ’
1003 3034 1086 3086 ὅτι
1117 3034 1345 3104 πρέπων
1373 3035 1490 3087 ἐστὶ
1520 3033 1616 3086 τοῦ

23 3125 243 3199 (ρυσοῦ
273 3125 490 3197 Χρύσου
514 3128 624 3189 τοῖς
650 3127 891 3197 τρόποις,
927 3125 977 3179 εἰ
1002 3125 1083 3179 δεῖ
1115 3125 1184 3195 μέ
1216 3143 1270 3178 τι
1297 3126 1389 3179 καὶ
1413 3124 1619 3196 ψυχρὸν

23 3220 217 3272 εἰπεῖν
258 3218 354 3270 καὶ
413 3216 695 3287 Γοργιαῖον
756 3217 889 3288 (25).
935 3217 1140 3279 Παντὸς
1190 3215 1369 3286 μέντοι
1423 3215 1619 3286 μᾶλλόν

23 3316 190 3365 ἐστιν
238 3308 436 3381 ἀληθὲς
463 3310 658 3377 εἰπεῖν,
704 3309 768 3363 σὲ
799 3304 943 3363 εἶναι
988 3309 1209 3379 ἁπάσης
1238 3308 1437 3379 ἀρετῆς
1469 3308 1619 3371 εἴσω,

23 3403 122 3458 (αἱ
156 3399 262 3453 τὸν
291 3400 502 3454 διδόντα
546 3417 628 3455 σοι
670 3398 1121 3477 τὴνηὲπιστολὴν,
1163 3397 1458 3466 ἀξιώτατον
1486 3398 1622 3452 ἀπο-

23 3493 230 3551 ιαύειν
263 3507 356 3545 σου
388 3491 492 3563 τῆς
524 3491 830 3554 συνουσίας.

588 3689 935 3746 ΕΠΙΣΤΟΛΗ
971 3691 1095 3745 III".

659 3800 744 3867 Τῷ
766 3800 1027 3871 ἀδελφῷ.

78 3893 313 3965 ιΙῆκος
339 3890 625 3963 ἐπιπολῆς
651 3893 1026 3962 ἁνοικειότητα
1050 3892 1344 3963 κατηγορεῖ
1384 3891 1477 3945 τοῦ
1508 3891 1625 3945 δια-

23 3987 392 4061 εομίςοντος.
448 3984 585 4038 Ἀλλ’
615 3985 643 4037 ὁ
674 3983 983 4053 Θαυμαστὸς
1030 3983 1333 4053 Γερόντιος,
1382 3979 1490 4035 οἶδε
1528 3982 1628 4052 μὲν

25 4098 117 4137 σα
159 4075 338 4145 κάγώ
366 4093 378 4106 ·
423 4078 471 4129 εί
498 4076 554 4129 δὲ
591 4076 665 4146 μὴ
698 4075 834 4147 πρὸς
876 4075 938 4127 τὸ
962 4073 1152 4144 ψεῦδος
1185 4074 1466 4137 ἀνοικείως
1493 4069 1628 4143 εἶχε,

28 4172 201 4242 ιηγή
215 4184 356 4221 cato
404 4166 467 4220 ἂν
521 4166 616 4219 καὶ
656 4159 730 4219 ὧν
774 4165 1041 4235 ἠπίστατο
1068 4165 1308 4228 πλείονα,
1348 4164 1426 4234 τῷ
1456 4164 1630 4233 φιλεῖν

23 4263 141 4333 μὲ,
190 4256 308 4311 καὶ
338 4254 414 4323 τῷ
440 4254 680 4322 γλῶτταν
714 4253 855 4325 ἔχειν
885 4252 1161 4323 ἀρκοῦσαν
1186 4257 1251 4325 τῇ
1280 4252 1491 4323 γνώμῃ.
1535 4254 1632 4305 Ὃν

28 4371 67 4406 ν
118 4349 277 4419 ἴδῃς
312 4343 500 4415 ἡδέως,
529 4340 665 4407 εἶδες
691 4345 764 4406 ὠς
795 4343 905 4412 ἐγὼ
941 4344 1220 4414 βούλομαι.

598 4631 944 4684 ΕΠΙΣΤΟΛΗ
981 4632 1104 4684 IIA'.

716 4740 798 4807 Τῷ
821 4741 1002 4807 αὐτῷ.

56 4836 325 4903 Δέδεξο
361 4834 498 4904 μετὰ
523 4835 620 4903 τῆς
648 4833 892 4903 ἐμψύχου
922 4833 1018 4887 καὶ
1054 4833 1154 4904 τὴν
1180 4833 1386 4903 ἄψυχον
1421 4836 1637 4888 ἐπιστο-

23 4944 94 5010 5ν
128 4952 150 4966 ο
200 4927 372 5001 μετὰ
395 4924 487 4978 τοῦ
517 4923 827 4994 θαυμαστοῦ
855 4924 1159 4995 Γεροντίου,
1180 4924 1353 4978 ταῦτα
1371 4926 1439 4978 τὰ
1459 4927 1637 4998 γράμ-

23 5042 198 5085 κτα,
250 5014 418 5084 νόμῳ
449 5014 509 5067 τὸ
538 5014 699 5067 πλέον
731 5013 764 5083 ἢ
801 5016 867 5084 τῇ
908 5013 1069 5084 χρείᾳ
1110 5012 1203 5065 τοῦ
1233 5016 1547 5083 προσειπεῖν
1574 5031 1635 5067 σε

23 5094 126 5175 ένό
136 5123 351 5186 μενοι.
380 5106 500 5157 Ὅτι
523 5105 631 5174 γὰρ
657 5104 825 5175 ἡμεῖς¹
844 5103 1092 5173 συζῶμεν
1118 5105 1187 5173 τῇ
1219 5105 1348 5174 περὶ
1375 5103 1471 5157 σοῦ
1506 5106 1638 5176 μνή-

23 5232 85 5284 η,
149 5196 417 5277 μυρίων
458 5193 756 5248 ἐπιστολῶν
807 5192 1003 5265 μακρῷ
1052 5193 1562 5265 μεγαλοφωνότερον
1607 5198 1636 5247 ὁ

24 5272 122 5360 ἓν
133 5272 351 5353 faxo;
377 5286 443 5341 ἂν
467 5287 805 5358 διηγήσαιτο.

1106 361 1494 419 ἙΡῙΞΊῸΙπΕ.
1521 390 1589 409 -ι
1622 356 1841 421 EPIST.
1886 356 2168 419 LXXXIV.

1646 3172 1694 3234 C

3136 360 3272 419 “55

2000 480 2194 534 Fortes
2225 479 2437 547 fuerunt
2467 479 2715 549 primitus
2749 477 2970 535 Milesii.

1778 572 1903 627 Fuit
1938 581 2153 643 tempus
2179 571 2343 636 illud,
2378 586 2501 627 cum
2553 586 2655 641 ego
2685 572 2880 627 amicis
2916 574 3053 629 meis
3093 586 3278 631 essem

1708 667 1881 733 utilis,
1913 676 1967 722 ct
1989 676 2046 722 tu
2074 682 2158 721 me
2179 667 2419 723 alienum
2455 666 2659 721 bonum
2702 668 3032 737 appellares,
3084 677 3279 739 potens-

1707 758 1907 813 tiorum
1941 760 2153 813 scilicet
2181 759 2235 812 in
2270 774 2355 813 me
2381 759 2722 813 observantia
2772 760 2836 815 ad
2863 761 3095 815 aliorum
3127 777 3280 817 com-

1709 850 1929 904 modum
1962 851 2274 905 abutentem
2309 870 2320 904 :
2351 866 2490 921 quos
2532 866 2632 921 ego
2662 852 2743 907 sic
2773 862 3035 922 tanquam
3080 869 3279 909 manus

1709 943 1998 998 habebam.
2027 942 2185 997 Nunc
2210 944 2463 999 omnibus
2488 944 2786 1000 destitutus
2819 945 3137 1014 relinquor;
3171 946 3278 1001 nisi

1709 1032 1756 1087 si
1792 1040 1856 1086 tu
1889 1031 2170 1103 quidpiam
2224 1040 2397 1102 potes.
2428 1031 2563 1087 Nam
2611 1043 2665 1089 et
2720 1042 2775 1088 te
2804 1049 2931 1089 cum
2976 1035 3181 1090 virtute
3224 1036 3281 1090 in

1706 1124 1870 1180 bonis
1898 1125 2121 1195 deputo,
2153 1140 2275 1196 quae
2319 1124 2525 1181 auferri
2582 1137 2898 1195 nequeunt;
2936 1141 3002 1182 ac
3056 1136 3115 1183 tu
3150 1142 3284 1182 sane

1710 1230 1926 1283 semper
1977 1223 2029 1270 et
2071 1224 2226 1285 potes
2285 1216 2602 1285 plurimum,
2654 1225 2710 1271 et
2748 1218 2951 1287 possis,
3008 1224 3284 1287 potestate

1710 1307 1915 1377 optime
1974 1317 2134 1363 utens
2188 1316 2303 1362 tua.
2358 1307 2572 1364 Nicaeus
2629 1322 2809 1364 autem
2864 1318 2919 1365 et
2976 1309 3281 1373 Philolaus,

1709 1398 2149 1467 prmstantissimi
2176 1397 2427 1467 juvenes,
2454 1411 2510 1455 et
2542 1400 2787 1471 cognati,
2821 1399 3282 1469 quemadmodum

1712 1506 1892 1544 rerum
1921 1506 2142 1545 suarum
2171 1491 2380 1546 domini
2406 1500 2773 1559 revertantur,
2809 1508 2958 1548 cura;
2993 1496 3065 1549 sit
3106 1493 3284 1548 omni-

1712 1581 1836 1645 bus,
1870 1582 1961 1651 qui
2023 1592 2074 1636 te
2120 1583 2444 1649 observant,
2492 1593 2546 1638 ct
2595 1585 2826 1653 privatis
2878 1594 2933 1639 et
2992 1584 3285 1655 magistra-

1712 1673 1878 1729 tibus.

2191 1788 2526 1846 EI’ISTOLA
2567 1788 2801 1847 LXXXI.

2392 1903 2601 1959 Fratri.

1778 1992 2022 2064 Ecquem
2049 2009 2197 2061 vero,
2216 2011 2444 2067 ecquem
2478 1999 2825 2054 admirationi
2844 2014 2968 2056 esse
2999 1998 3165 2070 229
3187 2014 3286 2070 par

1708 2094 1814 2149 est,
1833 2087 1976 2155 apud
2002 2088 2085 2141 tui
2114 2088 2356 2143 similes?
2373 2089 2507 2142 Eum
2526 2105 2740 2160 nempe.
2763 2092 2855 2163 qui
2884 2100 2939 2147 et
2956 2091 3097 2162 frugi
3119 2092 3286 2147 homo

1710 2171 1801 2235 sit,
1822 2181 1877 2225 et
1904 2174 2147 2244 elegans,
2179 2184 2234 2229 et
2262 2175 2570 2247 disciplina:
2591 2180 2795 2245 socius,
2823 2189 2878 2235 et
2903 2180 3089 2236 divino
3112 2181 3287 2236 cultui

1709 2258 1928 2315 deditus
1963 2269 2078 2326 :et,
2112 2272 2169 2317 ut
2199 2279 2311 2318 uno
2356 2266 2525 2319 verbo
2563 2266 2765 2333 dicam,
2795 2270 2888 2339 qui
2934 2268 3189 2325 Gerontii
3216 2270 3292 2326 sit

1711 2346 1931 2404 similis.
1969 2348 2151 2404 Ilabes
2183 2352 2352 2420 igitur
2392 2367 2521 2407 cum
2571 2354 2769 2410 litteris
2826 2356 3124 2422 hominem,
3176 2369 3290 2426 quo

1712 2454 1836 2491 cum
1894 2455 2027 2497 usus
2097 2441 2290 2506 fueris,
2353 2459 2466 2499 non
2528 2446 2733 2500 malum
2793 2463 2881 2503 me
2944 2448 3291 2506 laudatorem

1713 2531 1937 2587 dixeris.

2176 2648 2514 2705 EPISTOLA
2564 2650 2822 2705 LXXXII.

2376 2764 2613 2837 Chrysaz.

1786 2852 1905 2908 Non
1936 2854 2081 2924 quod
2111 2855 2409 2911 liberorum
2443 2872 2689 2913 meorum
2723 2868 2993 2930 cognatus
3021 2870 3106 2918 est
3145 2876 3292 2932 prae-

1717 2945 1901 3000 clarus
1935 2944 2252 3011 Gerontius,
2289 2947 2498 3003 idcirco
2531 2948 2937 3007 adolescentem
2969 2959 3073 3007 tuae
3105 2952 3299 3009 amici-

1721 3034 1808 3091 tize
1831 3038 2273 3093 commendatum
2300 3039 2449 3103 volo,
2480 3042 2698 3097 tametsi
2741 3042 2796 3097 id
2833 3058 3055 3114 quoque
3102 3059 3296 3099 verum

1720 3136 1839 3183 est:
1872 3127 1969 3182 sed
2002 3129 2151 3198 quod
2182 3129 2335 3183 aurei
2366 3129 2593 3201 Chrysa:
2625 3132 2870 3187 moribus
2908 3132 3193 3204 congruit,
3241 3135 3297 3191 sl

1726 3217 1858 3289 quid
1888 3217 2145 3287 frigidum
2179 3217 2364 3273 dicere
2394 3234 2499 3284 me,
2539 3226 2602 3275 et
2630 3219 2845 3291 Gorgia
2881 3237 2990 3277 non
3029 3222 3300 3279 dissimile

1725 3315 1960 3377 oportet.
1996 3304 2200 3362 Verum
2230 3306 2441 3362 caeteris
2465 3306 2614 3363 istud
2642 3308 2899 3364 omnibus
2926 3308 3088 3377 longe
3109 3309 3297 3365 verius

1725 3398 1978 3461 dixerim,
2008 3405 2060 3452 te
2090 3399 2230 3452 intra
2264 3414 2437 3468 genus
2469 3414 2629 3454 omne
2656 3399 2878 3456 virtutis
2908 3416 3033 3457 esse
3084 3402 3297 3458 consti-

1724 3494 1905 3540 tutum
1934 3506 1949 3554 ;
1979 3502 2235 3557 eumque,
2273 3488 2368 3558 qui
2395 3488 2463 3542 ad
2494 3497 2548 3544 te
2603 3488 2770 3545 hasce
2836 3491 3045 3547 litteras
3100 3491 3298 3560 defert,

1727 3586 1820 3631 tua
1854 3593 1976 3634 esse
2010 3576 2391 3634 familiaritate
2439 3579 2852 3651 dignissimum.

2185 3690 2526 3747 EPISTOLA
2572 3689 2855 3748 LXXXIII.

2389 3796 2597 3852 Fratri.

1801 3884 2056 3955 Epistolas
2078 3885 2366 3954 longitudo
2390 3886 2627 3942 alienum
2650 3902 2774 3943 esse
2800 3876 2950 3952 eum,
2984 3904 3014 3943 a
3034 3905 3145 3959 quo
3180 3904 3304 3959 per-

1729 3976 1960 4039 feratur,
1999 3976 2200 4045 arguit.
2253 3973 2559 4031 Praeclarus
2598 3986 2778 4033 autem
2810 3975 3106 4034 Gerontius
3152 3980 3304 4033 novit

1729 4067 1951 4136 quidem
1986 4067 2199 4130 eadem,
2234 4081 2360 4137 qua:
2389 4081 2511 4137 ego,
2534 4068 2756 4135 omnia;
2792 4067 2889 4122 sed
2923 4069 3030 4124 nisi
3064 4070 3132 4124 ab
3153 4071 3304 4125 omni

1731 4156 2020 4211 mendacio
2056 4166 2203 4212 esset
2224 4156 2465 4221 alienus,
2498 4158 2665 4211 etiam
2696 4157 2766 4213 iis
2797 4173 2918 4227 qua:
2962 4160 3115 4214 novit
3147 4159 3305 4229 plura

1732 4247 1973 4314 diceret;
2004 4262 2104 4317 pro
2137 4262 2205 4302 eo
2232 4248 2384 4318 quod
2416 4262 2504 4303 me
2544 4255 2732 4315 amat,
2759 4255 2815 4304 et
2862 4248 3101 4320 linguam
3141 4249 3306 4306 habet

1733 4339 1800 4393 ad
1829 4338 2056 4393 intimos
2077 4339 2245 4394 animi
2267 4354 2464 4396 sensus
2491 4340 2819 4410 aperiendos
2841 4341 3114 4398 idoneam.
3132 4341 3306 4409 Quem

1731 4427 1782 4480 si
1809 4434 1866 4479 tu
1894 4426 2130 4482 libenter
2156 4427 2389 4497 videbis,
2422 4428 2635 4485 videbis
2657 4444 2812 4496 sane,
2848 4431 3305 4501 quemadmodum

1661 4511 1707 4565 D
1735 4518 1904 4574 videri
1942 4519 2041 4574 abs
2079 4528 2132 4574 te
2160 4520 2344 4589 cupio.

2176 4624 2513 4682 EPISTOLA
2562 4625 2849 4683 LXXXIV.

2392 4735 2604 4793 Eidem.

1801 4829 2003 4898 Accipe
2022 4844 2151 4883 cum
2178 4828 2421 4881 animata
2456 4828 2620 4883 etiam
2656 4828 2851 4882 animae
2879 4836 3157 4899 expertem
3196 4829 3312 4899 epi-

1736 4920 1955 4981 stolam,
1996 4935 2122 4974 cum
2157 4920 2381 4991 egregio
2414 4918 2698 4983 Gerontio,
2729 4934 2871 4989 quas
2907 4920 2975 4973 ad
3022 4927 3076 4973 te
3112 4919 3311 4990 scripsi

1737 5014 1951 5068 litteras
1982 5027 2158 5081 :quas
2188 5012 2294 5081 legi
2334 5011 2552 5066 cuidam
2584 5010 2793 5081 potius,
2836 5025 2998 5080 quam
3039 5011 3312 5066 salutandi

1737 5104 1818 5157 tui
1849 5100 2166 5157 necessitati
2206 5100 2396 5155 tribui.
2436 5099 2573 5155 Nam
2622 5115 2727 5157 nos
2779 5115 2904 5155 cum
2963 5101 3186 5156 assidua
3232 5101 3312 5155 tui

1734 5192 2117 5247 recordatione
2155 5191 2363 5257 vivere,
2401 5190 2578 5245 multo
2600 5191 2833 5248 intinitis
2865 5192 3066 5251 litteris
3099 5193 3313 5250 eviden-

1737 5282 1846 5339 tius
1885 5283 2210 5339 adolescens
2243 5282 2349 5339 iste
2377 5283 2705 5339 narraverit.

1262 5458 1443 5517 DION.
1477 5458 1754 5515 PETAVII
1783 5458 2017 5517 NOTIE.

26 5655 207 5728 (εδ)
249 5603 1467 5728 Ψγκρὸνξειπρῖνησέαλπιῗφροειῖρνκςρηξξε
1487 5638 1637 5728 393‘.“

24 5708 465 5787 ἶίἷᾶέιτειῑίιῖη
526 5712 687 5788 epist.
756 5712 844 5788 I_5.
884 5709 1208 5788 Ιῖοργιάζείνι
1241 5716 1328 5788 est
1370 5708 1637 5788 τὸηρῃτο·

24 5775 227 5860 35.3,
294 5789 499 5840 ornate
517 5775 578 5835 ac
610 5781 863 5835 rhetorice
890 5775 1080 5833 dicere.
1112 5778 1219 5831 Καὶ
1253 5775 1376 5830 οὔτε
1402 5775 1639 5846 «erop-

1742 5635 1835 5710 χίᾳ
1858 5636 2085 5710 παρίησι
2144 5636 2205 5690 τὸ
2250 5637 2443 5694 ἑαυτοῦ
2489 5638 2713 5710 ἄμεινον
2762 5636 3103 5710 Γοργιάξεινν
3132 5634 3209 5691 ait
3246 5632 3316 5693 de

1743 5705 1972 5763 Platone
2008 5705 2259 5778 loquens.
