3834 6230
86 213 223 270 1457

647 312 992 388 animum
1028 335 1099 402 ις.

753 425 1002 481 Tomiano.

753 441 793 476 ι·
876 441 933 478 ωι
989 467 1002 481 .

158 509 336 563 Πάλαι
372 510 471 580 μὲν
502 441 1019 584 ἀπραγμονξῖτέριάς
1051 514 1349 585 ἐποιούμην
1390 515 1489 579 τάς
1528 516 1662 585 πρὸς

36 654 45 683 ν
88 602 216 665 τοὺς
233 601 482 672 ἑταίρους
501 602 765 667 ἐντεύξεις
786 604 880 658 καὶ
897 604 1085 676 παρὼν
1106 606 1199 658 καὶ
1215 606 1456 676 γράφων.
1488 606 1665 670 Ἐξων

36 748 45 777 Γ
91 692 202 762 γάρ
233 692 325 744 ἐπὶ
356 689 465 745 τῶν
500 692 740 762 βιϐλίων,
770 695 968 764 τρόπον
1000 696 1119 749 τινὰ
1156 696 1489 761 ἀσύντακτος
1518 698 1665 770 πάσῃ

36 842 41 859 τ
92 782 247 834 πόλει
272 783 367 835 καὶ
398 782 660 854 πολιτείᾳ.
690 785 829 838 Νυνὶ
860 785 915 839 δὲ
950 786 1203 856 (ἐπέταξε
1230 787 1339 860 γάρ
1364 790 1393 842 ὁ
1427 788 1560 852 Θεὸς
1587 791 1667 853 είς

36 862 43 945 ξ
94 872 545 943 ἀποδεδειγμένον
571 874 768 945 χωρίον
800 877 988 941 οἰκεῖν,
1028 879 1120 931 καὶ
1150 878 1312 933 αὑτὸν
1344 878 1485 949 ἔχειν
1508 881 1566 932 ὲν
1598 882 1665 951 τῇ

96 962 249 1015 πόλει
284 962 406 1016 τινά
433 963 605 1029 τάξιν,
644 964 738 1017 καὶ
764 964 861 1035 ζῇν
899 967 956 1019 ὲν
988 966 1439 1039 διηριθμημένοις
1466 967 1669 1039 ἀνθρώ-

98 1054 244 1122 ποις)
271 1053 561 1124 βουλοίμην
593 1053 658 1108 ἃν
680 1050 774 1108 οῦν
801 1056 990 1123 ὄφελος
1016 1053 1153 1110 εἶναι
1181 1061 1293 1122 τοῖς
1324 1058 1667 1129 συλλαχοῦσι,

99 1146 193 1197 καὶ
221 1146 393 1197 ποιεῖν
425 1144 649 1214 ἀγαθὸν,
681 1146 710 1199 ὅ
736 1163 789 1199 τι
826 1147 1112 1221 δυναίμην,
1158 1149 1251 1203 καὶ
1283 1150 1510 1204 ἕκαστον
1542 1151 1667 1224 ἰδίᾳ,

99 1239 196 1290 καὶ
218 1235 315 1308 τὴν
343 1236 497 1290 πόλιν
527 1239 702 1308 κοινῇ,
746 1237 812 1291 ἵν’
838 1239 1016 1309 ὁρῴην
1044 1256 1104 1293 τε
1129 1241 1224 1294 καὶ
1248 1240 1472 1312 ὁρῴμην
1498 1242 1671 1312 ἡδέως

40 1388 43 1393 _
101 1327 255 1398 παρά
289 1327 417 1393 τῶν,
452 1328 528 1392 ὡς
569 1326 636 1381 ἂν
677 1328 822 1382 είποι
856 1347 963 1394 τις,
1009 1331 1269 1401 ωμπλῶν
1304 1331 1399 1385 τοῦ
1440 1332 1578 1403 βίου.
1605 1332 1675 1385 Ei!

101 1435 154 1470 τι
181 1418 360 1473 τοίνυν
382 1421 697 1492 Μαρτύριος
729 1422 910 1476 δναιτο
941 1422 1040 1492 τῆς
1066 1422 1134 1475 δι’
1161 1423 1326 1477 αὐτὸν
1373 1424 1672 1496 γενομένης

99 1511 409 1583 ἐπιστολῆς,
447 1512 555 1567 ίσθι
591 1530 683 1584 μοι
716 1515 1081 1586 χαρισάμενος
1109 1516 1166 1567 ἐν
1206 1514 1358 1588 ἀνδρὶ
1390 1515 1673 1587 συνδιημε-

100 1605 336 1674 ρεύοντι,
379 1604 473 1659 καὶ
506 1606 595 1659 ναὶ
629 1605 706 1676 μά
734 1607 859 1669 τοὺς
899 1605 1089 1674 λόγους
1123 1607 1274 1677 τάμὰ
1312 1606 1407 1659 καὶ
1441 1605 1509 1660 σὰ
1546 1623 1673 1659 παι.

1242 216 1630 274 EPISTOLE.
1656 246 1723 257 -—
1758 213 1977 269 EPIST.
2013 214 2178 270 XCII.

2512 292 2531 299 ,
3197 216 3334 272 itss

2298 330 2633 387 EPISTOLA
2672 330 2784 387 XC.

2452 425 2651 479 Troilo.

1831 514 1971 570 Olim
2026 516 2246 585 quidem
2314 514 2581 570 sccuriori
2637 529 2701 569 ac
2751 512 2983 569 faciliori
3034 513 3334 569 amicorum

1764 606 2166 662 consuetudine
2199 607 2543 676 perfruebar,
2576 621 2701 661 cum
2755 619 2998 676 praesens
3032 604 3169 675 ipse,
3222 611 3337 659 tum

1765 714 1861 768 per
1896 699 2131 755 litteras.
2169 698 2409 755 [Etatem
2445 700 2590 754 enim
2634 698 2686 752 iu
2724 698 2878 753 libris
2922 699 3338 762 consumebam,

1767 790 1835 844 ab
1862 790 2011 844 omni
2038 791 2441 859 quodammodo
2459 801 2513 845 et
2545 789 2768 844 civitate
2806 789 3132 852 abhorrens,
3166 798 3219 842 et
3247 787 3338 841 ad‘

1766 879 2171 935 ministratione
2193 879 2527 949 reipublicae.
2554 877 2675 932 Jam
2703 892 2853 941 vero,
2884 878 3143 947 praecepit
3178 877 3341 946 quip—

1767 986 1833 1042 pe
1855 971 1986 1025 niihi
2018 970 2185 1035 Deus,
2217 979 2280 1026 ut
2325 971 2383 1025 in
2415 970 2534 1024 loco
2574 972 2879 1025 constituto
2913 969 3185 1039 degerem,
3222 984 3335 1023 cer-

1766 1072 1994 1132 tumque
2018 1061 2073 1115 in
2107 1063 2329 1118 civitate
2361 1061 2608 1116 ordinem
2655 1070 2919 1125 tenerem,
2966 1070 3020 1115 et
3051 1076 3176 1113 cum
3208 1060 3342 1115 deli-

1769 1158 1904 1213 uitis
1928 1156 2248 1212 hominibus
2269 1164 2485 1211 :etatem
2532 1171 2791 1226 agerem;
2846 1154 3036 1209 vellem
3082 1153 3338 1224 equidem

1770 1249 1859 1310 iis.
1898 1248 2229 1319 quibuscum
2281 1248 2413 1303 mihi
2471 1247 2763 1302 vivendum
2798 1255 2901 1311 est,
2961 1244 3143 1315 aliqua
3194 1244 3247 1297 in
3283 1260 3342 1298 re

1769 1339 2153 1407 commodare,
2208 1339 2460 1408 beneque
2512 1339 2580 1394 de
2623 1338 2693 1391 iis
2736 1352 3065 1407 quacunque
3124 1350 3340 1406 possem

1770 1432 1987 1486 ratione
2021 1430 2243 1495 mereri,
2276 1445 2401 1484 cum
2428 1445 2760 1499 unoquoque
2790 1428 3064 1498 privatim,
3102 1438 3214 1481 tum
3242 1443 3343 1496 pn-

1772 1517 1913 1572 blice
1934 1518 2187 1572 universa
2218 1518 2460 1583 civitate,
2494 1526 2554 1571 ut
2584 1526 2638 1572 et
2669 1517 2855 1572 videre
2892 1525 2946 1572 ct
2972 1515 3141 1571 videri
3179 1516 3247 1570 ab
3277 1516 3344 1569 iis

1773 1607 2005 1663 libenter
2036 1624 2278 1678 possem,
2312 1609 2581 1677 ejusdem,
2612 1618 2669 1661 ut
2694 1610 2768 1662 ita
2796 1609 2996 1669 dicam,
3030 1608 3155 1662 vitae
3192 1605 3345 1659 navi-

98 1697 247 1758 δικά,
291 1696 550 1760 πολλάκις
598 1699 678 1760 είς
728 1697 790 1751 τὸ
831 1697 1068 1752 συνεῖναί
1112 1676 1205 1769 μοι
1246 1698 1379 1752 πολὺ
1435 1698 1530 1753 καὶ
1570 1698 1671 1770 τῆς

1790 1699 2011 1772 ςειιίοιιίε
2040 1699 2226 1756 sociis.
2254 1698 2437 1766 Quare
2466 1701 2510 1754 si
2535 1715 2642 1771 qua
2682 1701 2736 1753 in
2768 1716 2825 1754 re
2855 1698 3145 1769 Martyrio,
3178 1714 3342 1766 quam

100 1784 294 1848 νυκτὸς
333 1785 497 1857 μέρος
524 1785 971 1857 ἑπιλαμῦἀνοντι.

1780 1807 1880 1864 pro
1916 1792 2012 1846 illo
2041 1791 2263 1862 scripsi,
2295 1791 2531 1861 epistola
2561 1792 2879 1861 adjumcuto
2908 1790 3094 1854 fuerit,
3123 1791 3261 1844 scito
3291 1795 3345 1841 te

103 1872 236 1928 mihi
268 1872 322 1927 in
359 1888 425 1929 eo
456 1875 577 1930 viro
606 1875 1065 1946 gratiﬁcaturum,
1085 1874 1179 1946 qui
1204 1890 1415 1930 mecum
1445 1876 1667 1934 assidue
1698 1888 1978 1949 versetur;
2025 1883 2251 1952 quique,
2285 1888 2459 1937 testor
2530 1881 2853 1951 disciplinas
2906 1886 3119 1942 omnes,
3198 1893 3347 1933 meas

101 1971 339 2037 tuasque
374 1965 625 2032 delicias,
675 1980 821 2036 sarpe
865 1967 995 2021 dum
1035 1978 1227 2023 nostra
1276 1968 1675 2025 consuetudine
1711 1969 1939 2038 fruitur,
1976 1972 2177 2028 bonam
2211 1980 2420 2043 partem
2454 1973 2633 2027 noctis
2662 1973 2908 2027 insumit.

640 2058 987 2114 ΕΠιΣτοΑιι
1024 2061 1143 2127 ur.

707 2150 791 2216 Τῷ
818 2149 1078 2219 ἀδελφῷ.

175 2240 361 2296 Κακδν
401 2241 464 2295 οὐ
513 2241 708 2313 μικρὸν
748 2240 1039 2295 ἀπολαύσω
1085 2242 1183 2313 τῆς
1216 2242 1522 2314 ἀγροικίας,
1571 2242 1681 2296 τῶν

105 2334 322 2403 τρόπων
358 2334 479 2390 λίαν
510 2333 625 2407 [πο.
660 2334 767 2389 τῶν
795 2334 1015 2406 τρόπων
1035 2352 1050 2368 ο
1086 2334 1230 2407 λίαν]
1260 2335 1540 2405 ἀληθεύων
1561 2334 1680 2390 διά-

108 2425 275 2492 θεσιν,
304 2421 365 2480 εὖ
400 2425 509 2480 ίσθι
536 2428 639 2491 ὅτι,
662 2428 756 2481 καὶ
785 2428 879 2482 ἐπὶ
906 2428 1006 2498 τῆς
1029 2429 1243 2483 Λιϐύων
1264 2430 1539 2501 ἐσχατιᾶς.

644 2606 990 2662 summm
1029 2609 1147 2676 ιιθν.

762 2700 1045 2771 Ἡσυχίφ.

195 2788 464 2861 Ἀθηναῖοι
500 2790 867 2861 Θεμιστοκλέα
904 2791 997 2845 τὸν
1042 2790 1344 2855 Νεοκλέους
1389 2792 1683 2865 ἐπῄνεσαν,

111 2884 215 2949 ὅτι,
248 2882 424 2937 καίτοι
480 2881 762 2954 πολιτικῆς
801 2883 1083 2954 δυνάμεως
1121 2883 1356 2954 ἐραστὴς
1390 2885 1519 2955 παρ’
1544 2886 1686 2939 ὁντι-

110 2973 237 3029 νοῦν
256 2973 364 3028 τῶν
385 2973 468 3043 ἐφ’
491 2973 685 3027 ἑαυτοῦ
706 2973 820 3046 [γρ.
843 2973 1044 3046 ἑαυτῷ]
1067 2974 1378 3044 γενόμενος,
1401 2975 1681 3046 ἀπηύξατο

2306 2064 2648 2121 EPISTOLA
2686 2064 2822 2125 XCI.

2449 2157 2660 2213 Fratri.

1846 2246 1967 2304 Non
2021 2248 2297 2304 mediocre
2330 2248 2464 2302 mihi
2521 2248 2783 2303 daumum
2831 2264 2951 2304 mea
2983 2248 3074 2302 illa
3136 2263 3348 2304 morum

1777 2338 2089 2393 rusticitate
2131 2339 2475 2393 consciscam
2522 2355 2539 2393 :
2586 2353 2711 2393 cum
2751 2337 2912 2392 valde
2968 2337 3185 2409 ingenio
3230 2354 3351 2393 meo

1780 2438 2099 2501 naturaeque
2125 2430 2387 2498 serviam,
2418 2429 2582 2484 etiam
2619 2429 2675 2484 in
2721 2430 2984 2486 extremis
3028 2429 3140 2485 illis
3170 2429 3353 2502 Libyae

1782 2520 2006 2577 finibus.

2303 2608 2643 2666 EPISTOLA
2668 2610 2830 2665 XCII.

2416 2701 2705 2772 Hesychia.

1858 2790 2218 2849 Atheuienses
2251 2791 2675 2849 Themistoclem
2707 2792 2927 2849 Neoclis
2963 2792 3129 2848 lilium
3166 2792 3356 2847 lauda-

1789 2890 1941 2945 runt,
1982 2882 2149 2954 quod,
2188 2882 2409 2938 tametsi
2447 2898 2559 2952 prae
2584 2884 2819 2949 caeteris,
2846 2882 2941 2953 qui
2976 2883 3172 2941 iisdem
3216 2892 3356 2939 tem-

1788 2973 2014 3043 poribus
2041 2974 2295 3028 vixerunt
2315 3013 2331 3039 ,
2363 2973 2541 3028 civilis
2576 2975 2832 3042 potentia
2876 2984 3139 3044 appetens
3179 2974 3354 3041 foret;

112 3067 294 3119 πᾶσαν
336 3064 529 3137 ἀρχὴν,
562 3065 620 3118 ἐν
652 3058 687 3137 ᾖ
715 3065 823 3118 τῶν
865 3064 1031 3130 ξένων
1076 3064 1227 3119 οὐδὲν
1256 3064 1481 3135 ἔμελλον
1522 3065 1683 3121 πλέον

1790 3064 2072 3134 imperium
2104 3072 2287 3119 tamen
2333 3079 2497 3121 omne
2537 3065 2906 3132 detrectabat,
2940 3067 2996 3121 in
3042 3081 3154 3136 quo
3186 3066 3357 3121 nibilo

111 3158 258 3223 ἕξειν
289 3158 339 3210 οἱ
358 3156 643 3229 γνώριμοι.
666 3156 769 3211 Σοῦ
789 3156 847 3210 δὲ
872 3157 954 3211 ὅτι
980 3157 1079 3228 μὲν
1102 3157 1425 3227 ἐπέγνωσαν
1445 3156 1551 3228 τὴν
1568 3158 1689 3229 ἀρε-

111 3249 214 3322 τὴν
250 3250 299 3303 οί
334 3249 540 3321 καιροὶ,
563 3249 660 3302 καὶ
686 3248 775 3302 διά
800 3248 860 3302 σὲ
888 3247 1161 3319 παρῆλθεν
1183 3251 1263 3312 είς
1286 3248 1385 3319 τὴν
1417 3248 1688 3303 πολιτείαν

116 3343 294 3414 ἀρχῆς
319 3341 508 3412 ὄνομα,
534 3342 627 3396 καὶ
655 3342 890 3414 πρᾶγμα
917 3340 1123 3403 καινὸν,
1153 3337 1328 3411 ἥσθην
1356 3340 1476 3411 μὲν,
1501 3340 1689 3412 ὥσπερ

36 3428 40 3449 ί
116 3435 265 3498 είκδς
286 3432 534 3506 ἑταίρους
561 3434 627 3488 ἐκ
661 3431 890 3489 παλαιοῦ
919 3431 1231 3502 γεγονότας,
1253 3433 1351 3503 τῆς
1382 3433 1535 3504 ἱερᾶς
1557 3450 1691 3501 γεω-

36 3508 41 3519 ⁴
119 3527 347 3600 μετρίας
371 3526 619 3598 ἀλλήλοις
643 3526 789 3596 ἡμᾶς
812 3524 1250 3596 μνηστευσάσης.
1273 3525 1395 3578 Ὅτι
1416 3524 1475 3578 δὲ
1502 3526 1558 3577 ὲν
1577 3527 1691 3588 τοῖς

36 3622 39 3707 ‘r
117 3619 431 3690 βουλευταῖς
468 3619 561 3671 καὶ
605 3617 698 3671 τὸν
742 3617 876 3687 ἐμὸν
922 3616 1152 3685 ἀδελφὸν
1200 3615 1371 3680 ἀξιοῖς
1414 3614 1688 3687 ἀριθμεῖν,

116 3713 235 3767 ἀλλ’
268 3711 369 3765 οῦκ
396 3709 717 3779 ἀπαλείφεις
753 3709 851 3782 τὴν
874 3708 1051 3762 οὶκίαν
1087 3707 1195 3763 ἀπὸ
1222 3707 1315 3762 τοῦ
1346 3707 1582 3778 πονηροῦ
1613 3707 1693 3778 βι-

117 3804 292 3868 ϐλίου,
316 3802 417 3857 κᾶν
449 3803 502 3856 εί
532 3819 585 3856 τι
621 3801 763 3855 κατά
792 3800 1077 3874 συμφορὰν
1111 3800 1347 3872 ἀρχαίαν
1373 3799 1693 3870 προειλήφει

36 3896 40 3911 ⁵
117 3895 408 3965 γενόμενον
432 3910 448 3925 ο
480 3892 639 3946 τοῦτο
665 3892 744 3957 δὲ,
788 3893 851 3945 οῦ
882 3891 1025 3944 κατά
1056 3888 1426 3961 Θεμιστοκλέα
1461 3889 1521 3943 σέ
1550 3907 1694 3961 φημι

118 3987 317 4044 ποιεῖν.
352 3983 474 4037 οὔτε
498 3981 857 4052 δοκοῦντατῇ
890 3979 1023 4052 θείᾳ,
1050 3980 1383 4051 γεωμετρίᾳ.
1433 3978 1695 4032 Εὐόπτιον

118 4078 232 4146 γάρ
262 4077 321 4129 ὲν
360 4075 605 4143 ἀδελφοῖς
649 4073 757 4127 ἔδει
800 4070 1059 4142 τετάχθαι
1103 4073 1218 4134 τοῖς
1249 4072 1391 4134 σοῖς,
1427 4071 1479 4123 εί
1522 4069 1591 4123 τά
1616 4069 1696 4141 τῷ

119 4168 271 4239 αὐτῷ
298 4167 366 4221 τά
394 4167 553 4232 αῦτά,
589 4165 682 4220 καὶ
706 4160 1117 4237 ἀλλήλοιςείναι
1140 4163 1229 4217 δεῖ
1258 4162 1329 4216 τά
1358 4161 1518 4216 αὐτά.
1548 4162 1621 4216 Et
1639 4162 1697 4216 δὲ

118 4261 209 4313 διὰ
251 4258 342 4311 τὸν
385 4258 496 4311 τῶν
553 4255 1001 4328 περικεχυμένων
1051 4252 1395 4326 πραγμάτων
1430 4252 1587 4322 ὄχλον
1636 4252 1699 4306 τὸ

120 4351 296 4422 χρεὼν
326 4349 595 4419 ἠμέληται
640 4346 801 4419 μέχρι
825 4346 919 4400 τοῦ
948 4345 1067 4409 νῦν,
1096 4344 1289 4410 δεῖξον,
1321 4338 1657 4413 ὧρθαυμάσιε
1678 4359 1693 4374 ο

1786 3154 1910 3225 plus
1962 3154 2103 3213 noti
2132 3155 2338 3226 ignotis
2393 3171 2458 3210 ac
2502 3157 2811 3228 peregrinis
2864 3167 3354 3228 consequerentur.

1788 3246 1903 3301 Tua
1933 3262 2067 3303 vero
2095 3248 2297 3312 virtus,
2324 3248 2585 3318 quoniam
2614 3248 2753 3304 iisce
2770 3250 3110 3318 temporibus
3134 3260 3357 3320 experta

1787 3345 1894 3402 est,
1924 3352 1989 3393 ae
2020 3348 2240 3409 propter
2267 3346 2323 3394 te
2356 3353 2558 3393 novum
2607 3339 2663 3393 in
2709 3340 3103 3408 rempublicam
3138 3356 3355 3404 nomen,

1788 3443 2040 3499 novaque
2073 3444 2163 3485 res
2192 3436 2277 3485 est
2301 3428 2654 3497 introducta;
2680 3430 2903 3499 gavisus
2926 3429 3179 3499 equidem
3203 3447 3357 3497 sum;

1789 3521 1933 3590 quod
1971 3520 2150 3575 facere
2188 3535 2288 3590 par
2323 3529 2443 3576 erat
2475 3534 2598 3585 eos,
2632 3535 2774 3590 quos
2804 3527 2963 3577 vetus
3006 3520 3359 3576 necessitudo

1790 3610 2174 3680 coniunxerat,
2200 3626 2325 3665 eum
2350 3610 2608 3665 nimirum
2639 3626 2799 3683 sacra
2833 3626 2937 3666 nos
2959 3611 3192 3666 invicem
3233 3628 3360 3681 geo-

1791 3703 1985 3758 metria
2014 3701 2389 3757 conciliasset.
2420 3700 2581 3771 232
2614 3699 2771 3766 Quod
2802 3709 2983 3756 autem
3031 3702 3085 3755 in
3142 3709 3361 3757 senato-

1793 3806 1915 3846 rum
1945 3806 2234 3846 numerum
2266 3790 2429 3851 etiam
2478 3788 2703 3846 fratrem
2747 3804 2927 3846 meum
2966 3791 3222 3852 ascribis.
3261 3806 3363 3845 nec

1792 3882 1914 3952 ejus
1943 3880 2205 3937 familiam
2232 3897 2303 3938 ex
2331 3880 2647 3937 infelicibus
2668 3882 2868 3939 tabulis
2892 3882 3090 3938 eximis
3110 3925 3129 3949 ,
3148 3882 3362 3938 etiamsi

1793 3988 1895 4046 pro
1940 3974 2112 4029 veteri
2170 3971 2489 4029 calamitate
2542 3972 2776 4028 antehac
2827 3973 3035 4044 aliquid
3087 3974 3362 4044 ejusmodi

1793 4064 2149 4135 contigisset:
2176 4063 2325 4119 istud
2348 4078 2482 4120 vero
2505 4080 2614 4119 non
2640 4063 2753 4134 jam
2778 4062 3164 4121 Themistoclis
3184 4064 3365 4121 simile

1795 4156 1913 4213 ﬁeri
1942 4156 2040 4212 abs
2067 4162 2123 4213 te
2153 4156 2300 4221 dico,
2327 4170 2434 4211 nec
2461 4153 2661 4211 divinae
2713 4157 3026 4227 geometria:
3074 4165 3365 4213 consenta-

1795 4263 1983 4304 neum.
2033 4246 2323 4317 Evoptium
2370 4247 2518 4302 enim
2547 4246 2643 4302 tibi
2678 4245 2909 4301 fratrum
2965 4256 3188 4302 tuorum
3243 4248 3365 4310 loco

1796 4352 1922 4393 esse
1946 4336 2272 4406 oportebat;
2306 4337 2355 4392 si
2383 4350 2509 4406 qua:
2533 4336 2722 4391 eadem
2761 4336 2855 4391 uni
2886 4345 3040 4404 sunt,
3090 4336 3281 4392 eadem
3310 4344 3368 4392 et

36 4448 38 4463 ’
121 4417 219 4498 καὶ
250 4417 428 4496 λαϐὼν
456 4417 555 4512 τὴν
591 4417 897 4509 ἐπιστολὴν,
931 4438 1057 4501 ἄνες
1084 4438 1180 4508 τὴν
1218 4436 1484 4506 πενθεράν
1529 4434 1684 4489 αὑτοῦ

1796 4444 1922 4485 esse
1947 4429 2089 4484 inter
2110 4443 2171 4484 se
2198 4441 2428 4483 necesse
2453 4434 2560 4483 est.
2604 4426 2762 4492 Quod
2808 4428 2855 4482 si
2894 4426 3231 4483 amuentium
3266 4443 3366 4484 ne-

36 4524 39 4553 ί
120 4536 223 4605 τῆς
250 4532 452 4586 ἀτόπου
478 4527 702 4599 ζημίας,
733 4527 829 4583 καὶ
854 4528 922 4581 τά
958 4526 1096 4598 μετά
1121 4526 1315 4590 ταῦτα,
1346 4525 1441 4579 καὶ
1464 4525 1533 4579 τὰ
1564 4540 1699 4593 προ-

121 4626 238 4679 τοῦ.
269 4625 379 4679 Καὶ
410 4622 606 4685 ἀπόδος
638 4637 731 4691 μοι
750 4619 843 4673 τὸν
863 4618 1089 4687 ἀδελφόν
1109 4633 1125 4649 ⁸
1150 4618 1208 4683 ὃς
1248 4619 1297 4671 εί
1338 4618 1438 4691 μὲν
1460 4618 1529 4671 δι’
1565 4614 1701 4668 αὐτὸ

37 4722 40 4731 '
121 4716 284 4771 τοῦτο
307 4715 597 4787 ἀποδημεῖ,
630 4711 760 4775 Θεὸς
795 4706 926 4765 οἶδε.
956 4710 1101 4782 Πρὸς
1120 4711 1222 4781 ἐμὲ
1245 4709 1303 4763 δὲ
1335 4710 1475 4764 πάνυ
1519 4724 1699 4780 παρα-

128 4808 327 4879 μυθίας
373 4806 623 4877 δεόμενον
668 4803 761 4857 ἐπὶ
790 4801 1034 4865 πολλαῖς,
1084 4795 1161 4855 ὧν
1209 4800 1313 4855 οῦκ
1354 4800 1585 4871 ἀνήκοος
1624 4795 1695 4863 εἴ,

36 4882 43 4921 ί
129 4897 455 4967 συμφοραῖς,
489 4892 641 4947 οὐδὲν
668 4892 854 4962 ἕτερον
891 4887 1305 4962 προφασίζεται.

1794 4520 2071 4590 gotiorum
2094 4518 2445 4573 multitudine
2467 4518 2777 4580 districtus,
2801 4517 2964 4574 oﬂlcii
2988 4518 3068 4572 tui
3102 4518 3369 4574 rationem

1794 4611 2002 4666 nullam
2031 4611 2301 4666 hactenus
2324 4608 2586 4675 habuisti,
2612 4610 2699 4664 fac
2750 4609 2897 4665 istud
2958 4609 3305 4681 comprobes,
3336 4624 3372 4665 ο

1794 4701 2052 4773 praclare
2073 4701 2197 4768 vir;
2226 4700 2524 4771 statimque
2562 4707 2621 4754 ut
2650 4699 2751 4756 has
2798 4700 3009 4755 litteras
3066 4699 3373 4770 acceperis,

1793 4806 2011 4849 socrum
2033 4793 2155 4862 eius
2170 4791 2241 4847 ab
2261 4791 2448 4862 iniqua
2467 4790 2635 4845 multa
2653 4791 2856 4856 exime,
2876 4797 2985 4844 tam
3010 4789 3182 4845 futuri
3205 4805 3369 4861 quam

1801 4884 2060 4956 praeteriti
2082 4883 2366 4954 temporis.
2392 4882 2471 4937 Ac
2500 4880 2724 4938 fratrem
2749 4897 2931 4937 meum
2959 4882 3090 4937 mihi
3118 4881 3330 4937 reddito
3355 4900 3372 4949 ;

36 4986 39 5005 τ
124 4988 221 5058 qui
255 4996 439 5041 utrum
480 4984 602 5055 ejus
636 4982 711 5038 rei
740 4982 917 5053 gratia
950 4995 1189 5052 peregre
1203 4979 1277 5035 sit
1329 4978 1635 5050 profectus,
1664 4976 1818 5033 novit
1856 4975 2043 5034 Deus:
2077 4975 2225 5046 apud
2254 4989 2343 5030 me
2378 4972 2626 5044 quidem,
2657 4973 2753 5044 qui
2794 4974 2866 5029 ob
2903 4973 3217 5043 plerasque,
3252 4989 3373 5043 quas

36 5064 43 5105 έ
123 5077 330 5134 auditae
385 5076 486 5131 tibi
555 5082 706 5138 sunt,
741 5072 1088 5129 calamitates
1133 5070 1511 5129 consolatione
1564 5082 1721 5141 egeo,
1767 5066 1978 5125 nullam
2026 5066 2193 5124 aliam
2231 5065 2500 5121 absentiae
2521 5080 2634 5120 sua:
2659 5064 3067 5120 excusationem
3102 5064 3370 5135 praetexit.

36 5252 45 5291 ι

36 5358 40 5395 l

662 5164 1009 5219 ΕΠΙΣΤΟΛΗ
1045 5161 1159 5229 ιιιν.

792 5253 1060 5319 Ἀνυσίφ.

201 5347 401 5421 Πρώην
442 5346 547 5400 οὐκ
594 5344 804 5415 ἔφθασα
852 5344 952 5416 τὴν
987 5343 1210 5415 βαρεῖαν
1250 5340 1421 5411 ἀκοὴν
1466 5339 1577 5396 ἀπὸ
1606 5340 1706 5411 τῆς

2293 5154 2637 5212 EPISTOLA
2670 5154 2855 5212 XCIII.

2475 5246 2697 5316 Anyu‘o.

1870 5338 2057 5413 Nuper
2076 5352 2199 5410 ego,
2228 5336 2397 5395 simul
2428 5345 2592 5408 atque
2613 5336 2906 5393 molestum
2936 5349 2968 5392 e
2986 5334 3201 5408 Cyrene
3228 5349 3371 5389 nun-

36 5446 44 5483 ⁵
129 5441 394 5511 Κυρήνης
433 5436 768 5508 πυθόμενος·
803 5434 961 5504 κάγὼ
996 5434 1094 5505 μὲν
1135 5431 1454 5501 διενοούμην
1542 5431 1684 5502 τάχα

1803 5432 1941 5487 tium
1974 5429 2337 5500 accepissem,
2370 5434 2695 5494 statueram,
2722 5443 2886 5499 quam
2935 5441 3153 5498 possem
3194 5425 3371 5481 celer-

36 5532 47 5576 i
131 5533 227 5585 ἐπὶ
248 5531 319 5584 τά
342 5528 612 5599 Τεύχειρα
641 5526 1007 5599 παραπέμψαι
1032 5524 1134 5597 τὴν
1161 5526 1370 5596 φήμην,
1396 5518 1499 5596 ἧκε
1534 5524 1592 5578 δέ
1615 5540 1684 5586 τις

1801 5524 1941 5580 rime
1968 5523 2088 5592 ejus
2108 5522 2187 5577 rei
2221 5521 2416 5576 famam
2439 5519 2510 5575 ad
2531 5518 2803 5575 Teuchira
2829 5516 3223 5575 transmittere,
3240 5529 3373 5568 cum

36 5628 47 5669 ⁵
136 5623 432 5695 ἀγγέλλων,
462 5623 539 5688 ὡς
572 5622 602 5676 ὀ
628 5618 927 5692 στρατηγὸς
963 5618 1063 5690 ήδη
1096 5618 1165 5674 τά
1194 5616 1440 5689 μετέωρα
1470 5615 1569 5686 τῆς
1592 5614 1701 5685 χώ-

1809 5613 1880 5669 ad
1911 5629 1999 5671 me
2033 5613 2301 5685 perlatum
2353 5620 2460 5678 est,
2518 5610 2713 5675 ducem
2748 5621 3025 5666 extremos
3076 5603 3373 5679 provincia
