3838 6236
499 233 528 291 1
541 231 640 291 139

1547 234 1814 291 SYNESII
1856 236 2328 294 PTOLEMAIDIS-
2356 238 2663 296 EPISCOPI

3655 232 3752 288 ιιει

496 347 634 404 ﬁnes
665 346 949 404 insedisse.
983 347 1143 406 Prius
1169 352 1315 406 enim
1372 351 1519 408 istud
1557 355 1736 424 ipsum
1781 359 2059 415 audieras.

2172 378 2265 432 ρας
2295 360 2642 432 κατείληφεν.
2688 358 2976 429 Ἐφθάκεις
2998 353 3106 428 γὰρ
3146 357 3252 426 ἄρα
3283 355 3650 430 πυρὸμενος.
3682 351 3756 404 Εἶρ-
3791 346 3793 366 ‘

498 433 720 489 Utinam
769 444 932 490 tanta:
987 437 1282 507 diligentia:
1344 443 1625 511 praemium
1667 461 1697 498 a
1755 445 1885 507 Deo.
1925 450 2066 503 etin

497 534 774 594 posterum
815 529 1213 596 consequaris!
1251 527 1362 600 Ego
1407 544 1560 595 vero.
1601 542 1656 588 et
1699 534 1794 603 qui
1825 550 1888 590 ea
1947 536 2067 606 ipsa

496 613 892 677 collaudarcnt,
922 624 980 668 et
1004 617 1056 670 itt
1087 631 1202 685 quo
1225 634 1373 673 nunc
1394 635 1544 678 esses
1570 630 1713 680 statu
1742 632 2065 694 qumrercnt,

497 704 640 760 misi.
674 705 806 760 Esse
842 722 971 760 vero
999 716 1052 762 te
1085 708 1138 762 in
1175 711 1421 765 omnium
1463 713 1733 768 bonorum
1780 715 2069 778 abundan-

496 795 570 847 tia
605 797 788 864 cupio.
823 797 1020 851 Curam
1052 802 1218 863 enim,
1257 819 1467 866 curam,
1500 805 1742 876 inquam,
1784 807 2058 878 Pentapo-

497 883 564 938 Iis
595 883 790 941 habeo.
823 887 927 952 Qui
957 889 1103 942 enim
1144 906 1253 944 non
1322 892 1573 950 habeam.
1618 911 1741 963 qua:
1798 897 1954 960 mihi,
2011 905 2070 951 ut

494 978 687 1033 Cretes
709 977 972 1045 dixerint,
1004 991 1251 1036 materna
1283 985 1492 1039 civitas.
1529 987 1788 1040 exstitit?
1837 990 2071 1045 maxime

497 1084 627 1125 vero
661 1071 764 1133 tui,
798 1071 1096 1141 gloriaeque
1123 1089 1186 1126 ac
1221 1075 1508 1145 dignitatis
1554 1085 1662 1132 tua:
1696 1095 1885 1134 curam
1916 1097 2067 1150 gero.

496 1157 632 1215 Nam
669 1162 721 1215 in
754 1178 1088 1233 unoquoque
1125 1182 1387 1221 successu
1419 1176 1544 1234 tuo,
1575 1172 1707 1226 mitti
1740 1187 1933 1228 omnes
1957 1188 2073 1242 gra-

495 1254 660 1308 tulari
690 1265 917 1310 censent
946 1267 1224 1326 oportere.
1279 1256 1448 1328 Igitur
1476 1261 1626 1315 velut
1668 1262 1723 1317 itt
1755 1271 1808 1318 te
1858 1265 2072 1333 pericli-

497 1355 645 1410 tans,
679 1347 921 1401 virorum
965 1364 1029 1403 ac
1079 1348 1280 1402 ducum
1341 1353 1569 1420 optime,
1619 1354 1816 1408 merito
1855 1365 2069 1410 tuarum

497 1449 681 1488 rerum
733 1442 938 1489 statum
985 1452 1151 1491 nosse
1195 1439 1388 1492 debeo.
1438 1437 1701 1496 Joannem
1751 1443 2072 1500 adhortatus

499 1539 642 1586 sum,
662 1540 823 1594 quam
845 1525 1140 1582 fortissime
1173 1539 1232 1585 ttt
1257 1544 1316 1583 se
1339 1542 1552 1598 gereret
1577 1549 1591 1597 ;
1621 1547 1720 1586 nec
1759 1534 1960 1602 alioqui
1991 1535 2072 1588 in-

498 1627 786 1672 strenuum
829 1620 1079 1683 militem,
1110 1621 1272 1674 modo
1309 1623 1457 1676 illum
1493 1624 1634 1679 Deus
1659 1627 1899 1694 adjuvet.
1928 1626 2072 1681 Prte-

2177 470 2299 524 ραιο
2321 453 2421 522 τῆς
2446 451 2754 523 προθυμίας
2777 449 3011 519 ἀμοιϐὴν
3038 447 3186 518 παρά
3207 446 3300 500 τοῦ
3321 445 3510 504 Θεοῦ,
3549 443 3651 496 καὶ
3673 443 3754 498 tr'rt.

2171 540 2266 594 καὶ
2303 541 2383 604 είς
2413 541 2622 593 ἔπειτα.
2666 539 2806 606 Ἐγὼ
2845 536 2902 589 δὲ
2953 535 3088 588 αὐτὰ
3131 533 3308 588 ταῦτα
3341 532 3451 584 καὶ
3482 530 3596 584 νῦν
3637 531 3756 580 ἔω-

2169 632 2457 701 νεσόμενος
2487 628 2726 700 ἔπεμψα,
2761 627 2852 680 καὶ
2886 626 3217 696 πευσόμενος
3241 626 3296 676 ὲν
3327 619 3417 684 οἷς
3461 622 3603 692 εῖης
3627 639 3640 652 ·
3674 621 3760 687 εἴης

2170 724 2228 777 δὲ
2259 725 2318 776 ὲν
2344 721 2546 776 ἅπασιν
2579 719 2822 788 ἀγαθοῖς.
2863 717 3032 771 Μέλει
3067 715 3163 784 μὲν
3183 715 3292 783 γάρ
3326 730 3461 784 μοι,
3508 712 3671 782 μέλει
3692 711 3761 761 κει

2171 810 2555 872 Πενταπόλεως
2588 807 2724 878 (πῶς
2750 805 2857 876 γὰρ
2886 804 2946 858 οὖ
2968 807 3006 872 ς)
3035 805 3128 872 τῆς
3161 819 3225 870 γε
3268 801 3580 871 μητρίδος,
3617 800 3689 860 ὡς
3716 799 3761 850 ἂν

2170 898 2387 969 Κρῆτες
2430 897 2634 950 είποιεν
2656 911 2671 927 °
2709 897 2805 966 οὐχ
2834 894 3032 964 ἥκιστα
3069 891 3126 942 δὲ
3161 889 3277 951 σοῦ,
3321 890 3424 942 καὶ
3486 890 3601 957 τῆς
3632 887 3760 952 δόξης

2170 988 2268 1056 τῆς
2296 986 2424 1054 σῆς..
2458 985 2571 1054 Ἐφ’
2604 985 2816 1053 ἑκάστῳ
2844 982 2954 1053 γὰρ
2993 980 3066 1051 δὴ
3081 979 3189 1032 τῶν
3231 978 3349 1032 σῶν.
3375 977 3635 1044 ἀγαθῶν
3667 977 3759 1043 ἐμοὶ

2171 1077 2370 1138 πάντες
2396 1075 2613 1140 ἀξιοῦσι,
2646 1073 2983 1143 συνήδεσθαι.
3030 1071 3115 1131 Ὠς
3143 1064 3235 1122 οὖν
3278 1069 3336 1119 ὲν
3373 1069 3473 1119 σοὶ
3516 1068 3755 1136 κρινόμε-

2171 1182 2282 1228 νος,
2324 1164 2517 1233 ἄριστε.⁴
2545 1161 2751 1232 ἀνδρῶν
2783 1177 2841 1213 τε
2887 1160 2981 1213 καὶ
3017 1155 3355 1228 στρατηγῶν,
3387 1155 3631 1216 δίκαιός
3672 1157 3758 1220 εἰμι

2170 1257 2266 1308 καὶ
2297 1255 2493 1307 εἰδέναι
2523 1254 2589 1306 τά
2631 1253 2717 1307 ad.
2757 1251 3012 1321 Ἰωάννην
3042 1247 3481 1319 προετρεψάμην
3511 1247 3599 1307 ὡς
3636 1245 3759 1310 ἐνῆεθ.
3796 1249 3797 1321 1

2170 1347 2381 1416 ἀγαθὸν.
2400 1343 2560 1411 εἶναι,
2590 1346 2680 1397 καὶ
2710 1344 2881 1404 ἄλλως
2909 1344 3008 1394 οὐκ
3029 1341 3234 1411 ἀθυμον
3265 1338 3664 1409 στρατιώτην,

2170 1442 2199 1492 ὁ
2231 1439 2362 1501 Θεὸς
2393 1437 2536 1506 αὑτῷ
2570 1435 2808 1505 τιθῆται.
2844 1434 2942 1496 Δὸς
2969 1431 3115 1502 αὐτῷ
3148 1434 3303 1500 χεῖρα
3336 1429 3430 1482 διὰ
3483 1431 3588 1480 τὸν
3627 1429 3763 1480 das.

2172 1527 2291 1594 φὺν,
2323 1526 2379 1589 ὃς
2405 1525 2523 1578 ἀντὶ
2547 1525 2752 1578 πολλῶν
2779 1524 3133 1593 ὑπουργήσει.
3161 1520 3331 1572 Τοῦτο
3362 1520 3499 1586 ἐμοὶ
3537 1520 3647 1587 μὲν
3674 1521 3766 1584 ἄς-τ-
3796 1541 3797 1546 η

2176 1634 2298 1670 στον
2330 1617 2476 1669 δοκεῖ
2505 1615 2793 1684 βούλευμα,
2823 1613 2897 1682 τῷ
2935 1615 3034 1675 τὸς
3067 1611 3256 1681 φύσεις
3291 1611 3466 1663 είδότι
3504 1610 3629 1661 τῶν
3658 1627 3767 1661 νεα-

499 1705 566 1762 Ι)θ
621 1709 697 1763 illi
740 1710 1013 1777 dextram,
1063 1712 1252 1768 fratris
1288 1729 1475 1779 causa,
1502 1717 1594 1784 qui
1629 1688 1744 1770 tibi-
1778 1718 2068 1772 tttultorutn

2174 1708 2393 1770 νίσκων,
2437 1707 2530 1759 καὶ
2558 1705 2630 1766 ὡς
2664 1705 2844 1775 ἔχουσι
2893 1705 3029 1773 πρὸς
3074 1702 3334 1772 ἀλλήλους
3369 1701 3596 1763 αἰδοῦς.
3635 1701 3696 1751 ΕΞ

496 1801 619 1854 vice
667 1800 1018 1855 ministrabit.
1055 1801 1167 1857 lloc
1202 1803 1330 1857 milti
1364 1805 1628 1873 optimum
1663 1807 1956 1862 consilium
1990 1809 2070 1862 vi-

499 1904 621 1943 sunt
659 1895 766 1954 est,
807 1890 899 1958 qui
929 1889 1193 1959 juvcnunt
1227 1891 1440 1945 indoles
1469 1900 1788 1961 perspectas
1818 1894 2072 1956 habeam,

499 1994 722 2050 quoque
747 1979 858 2034 sint
890 1995 1015 2051 erga
1051 1996 1110 2036 se
1163 1982 1398 2036 invicem
1443 1982 1650 2052 pudore
1700 1997 1763 2037 ac
1807 1998 2075 2038 verecun-

496 2071 610 2124 dia.
647 2069 802 2136 Quod
836 2071 882 2126 si
915 2072 1012 2126 tibi
1045 2072 1209 2127 etiam
1238 2072 1534 2134 videbitur.
1573 2081 1751 2127 ratum
1797 2083 1936 2128 esto.
1971 2073 2076 2128 So-

495 2159 650 2216 dales
685 2177 803 2228 eos,
831 2164 926 2231 qui
958 2162 1216 2226 militant,
1253 2178 1374 2217 meo
1400 2163 1624 2219 nomine
1646 2165 1903 2218 salutato.
1924 2165 2069 2218 Con-

496 2251 800 2308 tubernalis
837 2253 996 2324 233
1029 2270 1185 2309 meus
1208 2254 1318 2309 cite
1362 2256 1431 2310 ad
1466 2271 1552 2311 me
1603 2255 1808 2320 redeat,
1849 2257 2074 2326 praecla-

497 2355 617 2395 rum
654 2343 889 2413 aliquem
946 2344 1072 2399 belli
1135 2344 1386 2398 nuntium
1447 2352 1766 2413 reportans:
1810 2345 1904 2416 qui
1967 2347 2072 2402 etsi

495 2431 1049 2489 formidolosissimus
1081 2443 1200 2498 est,
1244 2435 1345 2490 via:
1397 2444 1576 2490 tamen
1621 2438 1968 2491 committere
2015 2453 2074 2492 se

2169 1802 2264 1852 καὶ
2295 1798 2376 1850 σοὶ
2426 1799 2692 1864 φανεῖται,
2747 1794 2934 1865 κύριον
2981 1793 3140 1846 ἔστω.
3185 1792 3306 1845 Τῶν
3352 1791 3614 1862 ἑταίρων
3655 1792 3767 1848 tab;

2173 1889 2628 1960 στρατευομένους
2666 1886 2778 1958 [πρ.
2814 1882 3338 1956 στρατευσαμένους]
3386 1883 3677 1936 denas-att.
3719 1883 3767 1931 ὐ

2174 1979 2465 2051 σύντροφος
2499 1995 2600 2048 μου
2645 1976 2854 2046 ταχέως
2893 1975 3229 2046 ὲπανηκέτω,
3270 1974 3444 2026 καλόν
3476 1990 3534 2025 τι
3589 1973 3766 2040 φέρω

2173 2071 2304 2142 περὶ
2355 2071 2592 2140 πολέμου
2647 2070 2917 2140 διήγημα·
2956 2067 3015 2130 ὃς
3059 2065 3234 2120 καίτοι
3275 2065 3601 2126 δειλότατος
3649 2063 3752 2122 ὢν,

2175 2163 2446 2233 ἐθάρσησε
2470 2163 2566 2232 τὴν
2595 2162 2729 2224 ὁδὸν,
2761 2159 2868 2214 τῶν
2893 2159 3000 2212 σῶν
3020 2157 3195 2212 ὅπλων
3221 2156 3547 2227 ἔμπροσθεν
3576 2155 3755 2206 ὄντων.

2174 2256 2274 2320 Δὸς
2305 2259 2372 2327 τῇ
2405 2257 2628 2326 Κυρήνῃ
2660 2255 2760 2324 τὴν
2787 2253 3055 2325 συνωρίδα
3074 2252 3182 2306 τῶν
3207 2249 3460 2320 ἀδελφῶν
3480 2267 3494 2279 ·
3532 2247 3758 2319 μαχοῦν-

2175 2363 2268 2399 ται
2316 2347 2427 2416 γάρ
2481 2345 2619 2416 ὑπὲρ
2676 2347 2775 2417 τῆς
2823 2345 3150 2416 ἐνεγκούσης
3195 2360 3254 2397 τε
3294 2343 3397 2396 καὶ
3451 2339 3757 2414 τρεφούσης

2177 2436 2390 2499 αὐτούς.

494 2537 670 2580 ausus
698 2531 801 2587 est,
842 2526 953 2580 tuis
1010 2527 1179 2581 armis
1231 2527 1664 2596 protegentibus.
1718 2526 1794 2580 Da
1844 2527 2069 2602 Cyrenae
2107 2543 2207 2598 par
2247 2529 2381 2583 illttd
2425 2528 2698 2586 fratrum:
2757 2545 2856 2600 pro
2917 2544 2982 2584 ea
3012 2527 3159 2585 enim
3212 2526 3371 2592 urbe,
3449 2540 3579 2596 qua:
3641 2522 3769 2583 illos

494 2621 743 2686 sustulit,
785 2627 840 2676 et
868 2619 1025 2686 aluit,
1060 2621 1474 2692 dcpugnabunt.

1008 2732 1343 2789 EPISTOLA
1381 2735 1566 2790 XCIV.

1183 2842 1387 2900 Fratri.

567 2954 726 3024 Quod
756 2964 815 3011 tu
849 2958 1124 3021 mandatis
1155 2960 1266 3014 tuis
1289 2959 1671 3030 obtemperare
1707 2976 1808 3016 nos
1843 2963 2074 3016 arbitra-
2103 2961 2148 3023 C

495 3049 579 3104 ris
599 3087 614 3113 ,
645 3047 719 3102 ita
747 3049 891 3103 enim
923 3049 1200 3120 scripsisti
1227 3089 1243 3116 ,
1275 3059 1423 3107 recte
1452 3049 1585 3106 facis
1605 3092 1619 3116 ,
1653 3061 1740 3116 et,
1775 3060 1832 3104 ιιι
1858 3067 2072 3122 ιειιιιιιιιι

495 3145 614 3202 est,
643 3137 717 3194 de-
741 3139 901 3194 nobis
929 3141 1256 3206 existimas;
1287 3150 1450 3212 atque
1480 3141 1599 3211 ejus
1634 3141 1713 3196 rei
1749 3143 1924 3212 gratia
1956 3144 2076 3219 plu-

500 3228 644 3282 rima
696 3228 793 3282 tibi
835 3229 977 3284 bona
1023 3231 1390 3295 contingant,
1446 3231 1704 3298 quoniam
1757 3232 1862 3285 hoc
1916 3240 2076 3300 pacto

496 3316 666 3370 etiam
706 3331 792 3382 me
832 3317 929 3372 abs
967 3328 1021 3377 te
1060 3319 1291 3386 gratiam
1337 3318 1619 3387 accepisse
1658 3328 1790 3387 puto
1827 3337 1840 3373 :
1879 3321 1923 3374 si
1966 3335 2072 3388 qua

491 3409 700 3477 iuniori
731 3408 936 3477 majore
963 3410 1034 3462 ab
1060 3410 1227 3461 fratre
1251 3409 1426 3479 gratia
1451 3409 1721 3475 debetur;
1749 3411 1891 3478 quod
1921 3411 2074 3480 equi-

499 3500 626 3555 dem
676 3515 784 3555 non
835 3502 1094 3556 arbitror.
1143 3499 1312 3557 Nobis
1359 3517 1490 3556 vero
1534 3503 1674 3556 satis
1715 3512 1830 3563 est,
1880 3503 1931 3556 id
1977 3503 2073 3557 tibi

497 3589 771 3645 mercedis
811 3591 932 3644 loco
982 3591 1308 3660 rependere,
1353 3599 1413 3644 ut
1447 3590 1786 3660 propositum
1824 3599 2072 3645 nostrum

499 3681 814 3751 intelligas;
853 3682 1112 3735 nimirum
1147 3695 1248 3736 nos
1277 3697 1341 3735 ex
1374 3689 1427 3736 te
1459 3696 1569 3735 uno
1596 3681 1832 3750 pendere
1865 3692 2070 3735 morta-

497 3768 653 3823 lium.
688 3769 844 3834 Quod
878 3784 1008 3823 vero
1037 3779 1188 3824 certo
1213 3769 1549 3839 comperisse
1584 3780 1636 3824 te
1663 3769 1804 3824 dicis
1824 3811 1837 3833 ,
1865 3769 2070 3823 Jttliutn

498 3859 758 3913 amicitiae
807 3867 1010 3915 nostrae
1052 3858 1330 3914 desiderio
1370 3859 1584 3922 teneri,
1631 3874 1740 3913 non
1793 3859 1896 3913 hoc
1942 3860 2070 3917 item

497 3949 721 4019 probari
761 3951 1039 4005 convenit.
1079 3949 1250 4005 Valde
1287 3951 1433 4011 enim
1475 3950 1577 4005 ltoc
1626 3950 1837 4019 decepti
1897 3959 1950 4002 rt
2002 3951 2070 4002 il-

495 4041 603 4096 lusi
635 4041 874 4096 hominis
895 4049 1012 4108 est,
1046 4056 1151 4096 non
1175 4042 1320 4096 enim
1347 4041 1626 4095 illudentis
1651 4040 1906 4094 dixerim.
1935 4039 2068 4094 Nam

495 4132 688 4188 eodem
721 4142 964 4202 tempore
991 4139 1046 4185 et
1077 4139 1200 4188 tuas
1231 4147 1331 4202 ego
1361 4132 1568 4187 litteras
1605 4131 1846 4201 legebant
1868 4172 1883 4195 ,
1909 4140 1966 4185 et
1999 4133 2069 4186 ab

497 4222 594 4277 illo
616 4222 852 4291 seriptas
881 4222 1019 4277 alius
1049 4239 1064 4277 :
1099 4237 1160 4276 ac
1191 4229 1248 4277 tu
1270 4221 1487 4292 quidem
1513 4221 1655 4276 istud
1679 4221 1759 4274 ais
1782 4237 1796 4287 ;
1824 4221 1913 4275 ille
1936 4233 2068 4274 vero

2719 2736 3068 2791 ΕΠΙΣΤΟΛΗ
3099 2735 3210 2802 ιιΔ’.

2778 2847 2867 2914 Τῷ
2894 2847 3153 2918 ἀδελφῷ.

2252 2962 2372 3013 Ὅτι
2403 2962 2499 3030 μὲν
2534 2963 2679 3030 ἡμᾶς
2705 2962 2872 3015 εἴκειν
2891 2963 2998 3031 ἡγῇ
3027 2961 3140 3024 τοῖς
3169 2958 3365 3012 σαυτοῦ
3391 2961 3760 3031 προσ-τάγμα-

2179 3069 2262 3104 σιν
2287 3050 2448 3119 (οὕτω
2471 3051 2578 3123 γὰρ
2600 3051 2926 3122 γέγραφας),
2950 3049 3129 3114 καλῶς
3148 3065 3211 3119 γε
3231 3051 3424 3112 ποιεῖς,
3451 3050 3555 3103 καὶ
3583 3052 3762 3104 δίκαια

2179 3144 2306 3214 περὶ
2335 3143 2493 3212 ἡμῶν
2540 3146 2775 3213 φρονεῖς,
2822 3143 2915 3196 καὶ
2971 3142 3139 3196 πολλά
3177 3141 3395 3209 κάγαθά
3440 3159 3528 3194 σοι
3555 3144 3765 3211 γένοιτο

2175 3232 2265 3285 διά
2294 3232 2469 3297 τοῦτο,
2502 3232 2576 3296 ὡς
2604 3232 2880 3302 ἀπέχομεν
2905 3248 2970 3300 γε
2991 3231 3089 3302 τὴν
3119 3231 3300 3301 χάριν,
3327 3232 3374 3282 εί
3398 3231 3464 3300 δή
3499 3249 3592 3294 τις
3623 3233 3764 3300 ὀφεί-

2175 3324 2327 3377 λεται
2364 3325 2457 3377 καὶ
2501 3324 2750 3393 νεωτέρῳ
2787 3321 2918 3394 παρ’
2959 3321 3188 3391 ἀδελφοῦ
3235 3321 3627 3390 πρεσϐυτέρου
3677 3321 3762 3374 τοῦ

2177 3413 2458 3468 πείθεσθαι
2486 3413 2664 3484 χάρις,
2711 3414 2786 3476 ὡς
2806 3413 2904 3466 οὐκ
2935 3412 3110 3480 ἔγωγε
3138 3408 3310 3481 οἶμαι.
3351 3411 3496 3463 Ἀλλ’
3522 3414 3664 3480 ἡμῖν
3690 3415 3760 3472 εἰς

2175 3507 2441 3560 ἀντίδοσιν
2479 3507 2652 3575 ἀρκεῖ,
2683 3505 2744 3558 τὸ
2775 3505 2859 3575 μὴ·
2879 3503 3189 3573 ἀγνοεῖσθαι
3227 3501 3377 3572 παρὰ
3407 3501 3507 3555 σοῦ
3541 3504 3648 3573 τὴν
3685 3504 3758 3554 εν-

2177 3609 2363 3646 στασιν
2397 3593 2575 3663 ήμῶν,
2605 3593 2687 3644 ὅτι
2727 3594 2870 3662 μόνῳ
2902 3593 2983 3646 σοὶ
3028 3592 3138 3645 τῶν
3169 3591 3384 3654 ζώντων
3433 3591 3754 3660 ἐκκείμεθα.

2177 3684 2298 3737 Ὅτι
2321 3684 2377 3736 δὲ
2405 3685 2511 3754 φῂς
2537 3683 2734 3737 εἰδέναι
2765 3683 2970 3752 σαφῶς,
2999 3682 3074 3746 ὼς
3110 3680 3181 3734 δι’
3207 3682 3370 3750 εὐχῆς
3397 3682 3527 3747 ἄγοι
3557 3683 3631 3734 τὰ
3669 3684 3753 3745 τῆς

2173 3772 2354 3840 φιλίας
2376 3772 2534 3842 ἡμῶν
2575 3771 2791 3834 Ἰούλιος
2813 3771 2944 3839 (24),
2979 3769 3134 3822 τοῦτο
3159 3771 3215 3822 δὲ
3237 3769 3413 3822 οὐκέτ’
3439 3770 3600 3833 ἄξιον
3629 3772 3754 3822 ἀπο-

2171 3861 2444 3932 δέχεσθαι.
2492 3861 2627 3915 Λίαν
2665 3863 2772 3932 γάρ
2813 3864 2958 3913 ἐστιν
3001 3860 3190 3929 ἀνδρὸς
3230 3859 3626 3928 ἀπατωμένου,
3684 3860 3751 3928 μὴ

2169 3952 2486 4015 ἀπατῶντος
2522 3968 2585 4019 γε
2612 3953 2842 4020 είποιμι.
2881 3950 3046 4020 Ὁμοῦ
3076 3951 3183 4021 γάρ
3211 3949 3318 4018 ἐγώ
3349 3966 3409 4002 τε
3467 3951 3624 4020 παρά
3659 3947 3752 4002 σοῦ

2171 4045 2472 4113 γράμματα
2509 4041 2891 4110 ἀνεγίνωσκον,
2925 4042 3017 4093 καὶ
3057 4040 3244 4109 ἕτερός
3269 4057 3352 4102 τις
3390 4040 3464 4092 τὰ
3496 4037 3745 4110 παράὒ-

2167 4133 2263 4186 τοῦ
2285 4150 2298 4164 ·
2327 4133 2421 4186 καὶ
2445 4133 2508 4186 σὺ
2535 4133 2634 4204 μὲν
2663 4130 2831 4184 ταῦτα
2861 4131 2984 4201 φῂς,
3012 4131 3216 4190 ἐκεῖνος
3247 4129 3302 4181 δὲ
3332 4131 3632 4182 τάναντία·
3658 4128 3743 4181 καὶ

2167 4224 2533 4293 ἀνεγνωκέναι
2564 4225 2656 4277 καὶ
2694 4223 2985 4295 ἀκηκοέναι
3019 4222 3303 4288 λεγοντων,
3329 4222 3411 4275 ὅτι
3446 4222 3743 4290 διαλέγοιτο

497 4313 774 4369 contraria
802 4313 1013 4376 omnia,
1046 4323 1151 4367 tam
1185 4314 1381 4384 legisse
1407 4327 1572 4381 quam
1601 4313 1822 4367 audisse
1863 4312 1958 4381 qui
1982 4312 2068 4366 di-

2172 4316 2301 4386 περὶ
2333 4313 2491 4383 ήμῶν
2529 4294 2932 4383 ἀνεπιτηδείους
2977 4310 3188 4378 λόγους.
3220 4308 3345 4361 οὖτ⁹
3376 4307 3473 4362 οὖν
3499 4311 3744 4364 ἀπιστεῖν

496 4413 716 4469 cerent,
741 4418 1089 4475 nequaquam
1113 4405 1263 4459 illum
1289 4419 1561 4474 congruos
1586 4402 1653 4456 de
1674 4403 1832 4457 nobis
1855 4417 2070 4457 sermo-

495 4513 594 4553 nes
629 4511 832 4554 serere.
866 4497 1048 4563 Quare
1077 4513 1253 4566 neque
1282 4511 1383 4567 ego
1427 4495 1820 4550 honestissimo
1849 4495 1970 4549 viro
2006 4494 2070 4548 ﬁ-

496 4592 620 4645 dem
653 4590 918 4660 derogare
947 4596 1236 4658 pnteram;
1279 4594 1334 4642 et
1383 4602 1506 4641 cum
1550 4601 1670 4640 eam
1715 4585 2066 4650 adbiberem,

494 4695 608 4735 non
639 4695 724 4735 me
753 4719 770 4745 ,
804 4695 899 4750 per
929 4680 1182 4734 fraternae
1210 4687 1316 4734 tua:
1356 4693 1594 4748 measque
1637 4677 2068 4732 necessitudinis

494 4769 819 4840 praesidem,
853 4768 1242 4825 beneficiorum
1275 4769 1609 4838 paenitebat,
1643 4782 1765 4836 quae
1794 4768 1850 4821 in
1881 4767 2062 4821 homi-

495 4875 622 4914 nem
653 4859 994 4913 contuleram
1016 4901 1030 4926 ,
1060 4874 1184 4913 cum
1215 4858 1394 4928 pridie
1424 4865 1805 4913 accusatorem
1834 4872 1931 4927 per
1956 4859 2066 4912 vim

495 4949 756 5005 amolitus
784 4964 962 5006 essem
991 4989 1008 5015 ,
1045 4949 1139 5019 qui
1180 4949 1482 5018 maiestatis
1522 4949 1676 5003 illunt
1715 4949 2065 5015 arcessebat,

495 5049 761 5108 tanquam
803 5041 898 5110 qui
935 5040 1282 5109 imperatoris
1330 5040 1519 5095 domui
1546 5039 1802 5108 iniuriam
1835 5038 2063 5094 faceret.

497 5129 708 5185 Etenim
729 5169 744 5191 ,
779 5145 873 5198 per
901 5146 1120 5184 sacrum
1149 5138 1314 5199 caput
1343 5139 1494 5183 tuum
1520 5132 1666 5198 jure.
1697 5129 1802 5184 nisi
1831 5129 2062 5184 inﬁnitis

495 5219 788 5276 conatibus
821 5222 1178 5284 restitissem,
1217 5223 1412 5291 partim
1463 5222 1645 5274 timori
1687 5219 1890 5290 judicis
1915 5258 1930 5284 ,
1966 5219 2060 5289 qui

2166 4398 2311 4474 εἶχον
2346 4402 2500 4476 ἀνδρὶ
2527 4401 2676 4472 καλῷ
2713 4401 2956 4471 κάγαθῷ,
2987 4401 3080 4453 καὶ
3119 4401 3408 4464 πιστεύων,
3440 4403 3505 4453 οὐ
3541 4403 3620 4472 μὰ
3658 4403 3746 4454 τὸν

2163 4495 2419 4566 ὁμόγνιον
2458 4494 2548 4547 τὸν
2574 4495 2708 4564 ἐμόν
2731 4511 2791 4547 τε
2830 4493 2926 4546 καὶ
2957 4493 3066 4555 σὺν,
3107 4491 3168 4546 οὐ
3217 4492 3508 4562 μετενόουν
3555 4497 3644 4562 ἐφ’
3671 4489 3748 4556 οἷς

2165 4581 2225 4640 εὖ
2254 4587 2574 4657 πεποιήκειν
2598 4587 2690 4639 τὸν
2723 4585 3026 4656 ἄνθρωπον,
3055 4587 3190 4655 αὐτῇ
3219 4587 3282 4654 τῇ
3311 4586 3619 4656 προτεραίᾳ
3654 4589 3749 4638 σὺν

2167 4676 2259 4747 βίᾳ
2304 4676 2394 4730 τὸν
2428 4677 2731 4746 κατήγορον
2766 4677 3168 4739 ἀποσκευάσας,
3211 4677 3270 4738 ὃς
3321 4676 3548 4728 ἐδίωκεν
3590 4678 3748 4729 αὑτὸν

2163 4767 2437 4831 ἀσεϐείας,
2465 4767 2542 4831 ὡς
2571 4767 2860 4821 ἀδικοῦντα
2877 4766 2974 4837 τὴν
2998 4766 3258 4836 βασιλέως
3286 4766 3492 4818 ἑστίαν.
3529 4767 3618 4834 Νὴ
3643 4769 3742 4836 γὰρ

2161 4857 2262 4930 τὴν
2308 4859 2456 4929 ἱεράν
2495 4873 2590 4910 σου
2621 4856 2882 4928 κεφαλὴν,
2912 4859 2960 4909 el
3004 4858 3079 4927 μὴ
3113 4859 3233 4918 ταῖς
3275 4860 3498 4924 συχναῖς
3529 4859 3746 4925 πείραις

2161 4947 2439 5017 ἀντέσχον,
2457 4945 2617 5000 τοῦτο
2645 4947 2742 5016 μὲν
2760 4950 2826 5017 τῇ
2855 4947 2948 4999 τοῦ
2973 4945 3224 5000 δικαστοῦ
3245 4946 3419 5016 δειλία
3448 4949 3745 5013 μετάνοιαν

2162 5040 2255 5092 ἐπὶ
2299 5038 2556 5108 τοιαύτης
2589 5037 2896 5100 ὑποθέσεως
2941 5037 3001 5090 οὐ
3041 5037 3432 5108 προσιεμένου·
3481 5037 3648 5090 τοῦτο
3693 5041 3746 5090 δὲ

2166 5127 2261 5182 τοῦ
2287 5127 2713 5200 κατηγοροῦντος
2739 5128 2983 5198 ἀπονοίᾳ,
3013 5127 3476 5197 προσποιουμένου
3521 5129 3623 5196 μὲν
3650 5130 3750 5198 τὴν

2167 5221 2432 5290 ἀνάγκην,
2464 5219 2912 5291 προθυμουμένου
2957 5218 3015 5271 δὲ
3053 5218 3248 5288 δράσαι
3273 5228 3333 5270 τε
3367 5218 3542 5272 κακόν
3569 5235 3625 5271 τι
3653 5220 3742 5271 καὶ

1686 5395 1866 5452 υιοΝ.
1901 5395 2181 5451 PETAVII‘
2243 5394 2472 5452 ΝΟΤᾸΞ.

573 5551 685 5619 (Ἡ)
718 5550 793 5630 Τᾴ
822 5551 929 5631 τῆς
971 5551 1176 5631 φιλίας
1214 5553 1381 5622 ἡμῶν
1420 5555 1692 5618 Ἰούλιος.
1727 5551 1852 5608 Fuit
1884 5552 1992 5616 hic,
2020 5561 2071 5608 tu

2172 5552 2332 5621 tinor,
2352 5551 2536 5610 Julius
2559 5565 2806 5622 unuse:
2831 5549 3131 5631 Andronici
3170 5548 3567 5618 familiaribus.
3638 5567 3736 5608 cn-

499 5617 591 5697 [tts‘
621 5621 864 5677 meminit
901 5619 1059 5689 epist.
1086 5619 1171 5676 79.
