3838 6236
97 240 233 297 “6|

1243 247 1634 305 EPISTOIuE.
1676 280 1742 290 —
1781 251 1997 310 EPIST.
2043 255 2226 312 XCIV.

3220 257 3361 316 H62

95 358 318 422 παθεῖν,
361 357 456 411 καί
481 357 723 428 γαμετῆς
753 358 818 412 ἂν
864 359 1026 412 αὐτοῦ
1059 361 1153 414 καὶ
1189 363 1394 417 παίδων
1425 364 1599 434 ἥψατο
1623 363 1681 417 τὸ

1792 366 1839 418 in
1873 367 2141 436 ejusmodi
2174 383 2340 424 causa
2377 367 2593 428 consilii
2633 369 2988 423 mutationem
3024 369 3226 422 nullam
3260 370 3362 422 ad-

95 451 422 512 δεινότατον,
453 450 548 502 καὶ
591 451 870 518 συγγενῶν
909 451 1139 521 συχνῶν,
1171 454 1266 506 καὶ
1305 455 1446 507 πάνυ
1489 455 1678 522 φίλων,

104 539 375 594 πλουσίων
402 557 462 593 τε
510 541 605 593 καὶ
627 542 876 612 πενήτων
893 556 904 569 ·
936 545 1029 596 καὶ
1050 543 1186 607 ὅλως
1212 545 1398 598 κακῶν
1423 545 1488 598 ἂν
1526 546 1682 609 Ἰλιὰς

103 632 364 704 περιέστη
388 631 487 702 τὴν
515 632 668 685 πόλιν
691 632 868 703 ἡμῶν,
896 635 986 687 ὑπ’
1014 635 1204 707 ἀνδρὸς
1230 637 1559 706 ἀπογνόντος
1583 638 1682 704 τὴν

101 723 400 794 σωτηρίαν,
453 725 550 777 καὶ¹
594 722 964 787 θανατῶντος·
1014 726 1230 796 ἐνίκησε
1256 727 1299 779 δ’
1350 728 1414 780 ἂν
1466 728 1684 794 Ἰούλιος

99 815 279 888 νίκην,
321 817 404 886 ἐφ’
503 816 602 887 ζῇν
632 816 731 870 οὐκ
771 816 836 871 ἂν
861 817 1082 888 ηὔξατο.
1123 820 1295 890 ’Υπὲρ
1325 813 1399 874 ὧν
1430 821 1683 876 ἁπάντων

99 904 288 977 ᾠήθην
314 905 542 976 ποιητέα
579 923 669 976 μοι
699 905 873 960 ταῦτα
902 904 1038 960 εἶναι
1081 907 1148 962 τὰ
1177 911 1538 980 γεγενημένα.
1573 912 1683 981 Τῆς

99 996 160 1049 δὲ
187 995 328 1066 ἐμῆς
366 995 578 1066 φύσεώς
607 1014 664 1049 τε
701 997 794 1050 καὶ¹
825 1000 1196 1069 προαιρέσεως
1248 1001 1684 1072 παραπολαυέτω

102 1087 200 1139 καὶ
227 1087 375 1150 ὅστις
413 1087 674 1158 ἔχθιστος.
709 1087 892 1160 Πολλῷ
927 1089 1036 1160 γὰρ
1062 1091 1185 1160 ἐμοὶ
1214 1091 1429 1145 κάλλιον
1460 1091 1593 1162 ἔχει,
1623 1093 1685 1146 τὸ

101 1178 339 1242 ἀναξίως
359 1179 479 1233 τινὰ
502 1181 858 1251 πεποιηκέναι
879 1181 1077 1247 καλῶς,
1102 1182 1134 1253 ἢ
1155 1183 1414 1253 περιιδεῖν
1436 1186 1681 1250 πολλοὺς,

101 1267 226 1333 ἐξὸν
256 1268 518 1334 κωλῦσαι,
563 1270 713 1340 παρά
744 1270 843 1341 τὴν
886 1271 1041 1336 ἀξίαν
1085 1273 1438 1342 πεισομένους
1477 1275 1680 1339 κακῶς.

103 1361 183 1414 υύ
223 1360 331 1432 γὰρ
379 1360 443 1430 δὴ
487 1361 580 1414 καὶ
606 1360 703 1432 τὴν
748 1362 940 1432 εὐγενῆ
973 1365 1207 1431 γυναῖκα
1261 1365 1354 1419 καὶ
1398 1365 1466 1419 τὰ
1500 1367 1686 1421 παιδία

104 1452 202 1505 τοῦ
269 1450 558 1516 ἀνθρώπου
622 1452 786 1523 μισῶ.
845 1454 1106 1524 Καίτοιγε
1151 1456 1258 1508 οὐδ’
1330 1458 1490 1522 αὐτὸς
1539 1459 1686 1526 ἄξιός

105 1547 255 1598 ἐστιν
284 1545 374 1598 ἐπὶ
412 1548 530 1607 ταῖς
557 1547 677 1599 κατ’
713 1545 846 1616 ἐμοῦ
891 1545 1179 1619 λοιδορίαις
1215 1549 1407 1602 παθεῖν
1433 1568 1483 1603 τι
1519 1551 1686 1603 κακὸν

104 1635 222 1708 [γρ.
257 1635 463 1708 κακῶς]
497 1637 587 1691 ὑπ’
609 1637 743 1706 ἐμοῦ
765 1653 778 1666 ⁸
819 1639 1015 1692 πολλοῦ
1044 1656 1107 1707 γε
1147 1641 1241 1693 καὶ
1269 1641 1368 1696 δεῖ.
1398 1642 1686 1695 Μισεῖσθαι

1785 457 2074 524 mittebat;
2109 459 2306 528 partim
2356 459 2663 529 desperatae
2706 460 3048 515 accusatoris
3078 461 3358 524 audacia,

1782 548 1873 614 qui
1908 564 2001 617 per
2037 550 2383 606 necessitatis
2422 551 2658 620 Speciem
2690 551 2816 604 mali
2845 550 3050 620 aliquid
3094 550 3274 606 facere
3307 561 3364 607 et

1784 639 1892 708 pati
1946 641 2234 711 cupiebat:
2266 658 2375 697 non
2412 643 2574 696 modo
2608 641 2754 696 illius
2791 656 3016 695 uxorem
3065 655 3128 694 ac
3159 640 3361 695 liberos

1785 729 2038 799 pestifera
2068 733 2154 786 illa
2186 735 2336 790 labes
2361 735 2690 798 invasisset,
2717 733 2810 788 sed
2835 733 2998 788 etiam
3022 741 3285 802 cognatos
3310 742 3364 787 et

1785 823 1992 879 amicos
2025 828 2459 897 quamplurimos
2483 867 2498 892 ,
2540 827 2734 882 divites
2768 842 2924 895 teque
2966 841 3030 880 ac
3073 839 3358 895 pauperes.

1783 911 1862 966 Ae
1894 929 2121 983 prorsus
2156 917 2422 971 malorum
2458 917 2702 986 quaedam
2739 915 2866 970 Ilias
2897 917 3086 970 urbem
3115 924 3360 969 nostram

1785 1008 2174 1077 corripuisset.
2210 1010 2376 1065 unius
2415 1009 2658 1065 hominis
2693 1025 2860 1063 causa
2884 1049 2899 1073 ,
2931 1008 3024 1078 qui
3058 1007 3234 1062 salute
3267 1005 3363 1059 de-

1786 1106 2006 1166 sperata
2068 1098 2121 1151 in
2178 1099 2408 1153 exitium
2470 1109 2664 1169 sponte
2721 1097 3132 1168 prmeipitaret:
3186 1093 3364 1147 Julius

1786 1200 1950 1255 porro
1989 1187 2276 1241 victoriam
2312 1187 2686 1249 obtinuisset,
2729 1185 3035 1240 secundum
3075 1199 3241 1252 quam
3285 1183 3364 1234 vi-

1785 1288 1912 1328 vere
1965 1289 2309 1345 nequaquam
2349 1277 2634 1331 voluisset.
2695 1273 2843 1339 Quas
2882 1273 2954 1327 ob
2989 1288 3076 1327 res
3116 1270 3364 1325 facienda

1787 1361 1951 1434 234
2001 1364 2133 1416 mihi
2182 1380 2247 1419 ea
2299 1366 2484 1419 omnia
2545 1365 2760 1435 putavi,
2826 1377 3168 1433 quaecunque
3220 1363 3362 1414 facta

1787 1463 1937 1508 sunt.
1996 1453 2190 1523 Capiat
2240 1470 2306 1509 ex
2345 1465 2571 1521 natura,
2619 1455 2912 1524 animoque
2950 1468 3072 1508 tneo
3111 1451 3362 1506 utilitatis

1789 1544 1995 1614 aliquid
2040 1545 2206 1600 etiam
2256 1546 2676 1602 inimicissimus
2726 1548 2978 1617 quisque.
3031 1544 3159 1599 Mihi
3217 1542 3361 1597 enim

1789 1635 1963 1688 multo
1999 1635 2363 1704 prmstahilius
2397 1647 2480 1692 est
2520 1637 2753 1706 aliquem
2785 1651 2814 1688 a
2856 1651 2941 1689 me
2972 1645 3168 1704 praeter
3202 1633 3366 1686 meri-

107 1707 208 1795 μὲν
240 1726 350 1798 γὰρ
379 1707 471 1780 καί
517 1728 680 1782 πάνυ.
716 1729 922 1783 Λυπείν
950 1729 1060 1801 γὰρ
1091 1731 1336 1802 οἰόμενος
1365 1732 1510 1802 λέγει
1552 1734 1683 1804 (25),

1792 1733 1904 1779 tum
1941 1725 2210 1782 beneficio
2238 1741 2361 1782 esse
2395 1727 2704 1782 devinctum
2731 1767 2746 1792 ,
2782 1741 2944 1797 quam
2979 1725 3182 1779 multos
3216 1724 3364 1793 pati,

105 1818 201 1870 καὶ
226 1818 302 1881 ὼς
331 1817 621 1892 δηξόμενος
653 1819 967 1889 φθέγγεται.
1011 1823 1077 1875 Ἦ
1118 1821 1433 1896 προαίρεσις
1468 1820 1560 1878 οῦν
1588 1827 1688 1878 οὐκ

104 1908 416 1972 ἀνεύθυνος,
454 1909 567 1964 ἀλλ’
610 1911 875 1976 ὑπαίτιος.
916 1913 1079 1967 Ἴστω
1135 1915 1340 1984 μέντοι,
1382 1917 1581 1986 μᾶλλον
1629 1919 1692 1975 δὲ.

109 2000 186 2069 μὴ
216 2001 376 2054 ἵστω·
409 2001 677 2056 παύσαιτο
707 2004 814 2075 γάρ
843 2005 908 2059 ἂν
941 2000 1000 2058 εὖ
1037 2006 1204 2059 ποιῶν
1247 2009 1426 2078 ἡμᾶς..
1448 2009 1520 2063 Σὺ
1567 2010 1686 2080 μέν·

102 2109 188 2144 τοι
219 2094 406 2161 σαφῶς
435 2093 543 2147 ίσθι
575 2095 635 2147 τὸ
666 2095 832 2150 πάλαι
862 2096 1170 2168 λεγόμενον,
1212 2098 1272 2151 Ὺ
1269 2099 1329 2152 π’
1350 2099 1582 2170 ἐχθρῶν
1605 2103 1688 2168 ὡς

99 2184 276 2237 ἐστιν
297 2184 674 2253 ὠφελεῖσθαι,
707 2187 802 2239 νῦν
832 2187 976 2259 ἔργῳ
998 2189 1341 2261 φαινόμενον.
1367 2193 1433 2245 Τί
1472 2193 1580 2264 γὰρ
1608 2195 1688 2258 εἰς

103 2272 353 2330 εὔκλειαν
387 2275 500 2347 (26)
538 2279 566 2330 ὁ
600 2279 740 2350 ἀνὴρ
775 2281 907 2352 ἡμῖν
943 2282 1002 2334 ού
1045 2283 1316 2351 συντελεϊ;
1373 2285 1487 2347 Πᾶς
1539 2285 1688 2348 ὅστις

98 2368 254 2436 ἡμᾶς
303 2367 548 2422 ἐπαινεῖν
601 2369 868 2440 βούλεται,
920 2372 1086 2443 μηδὲν
1124 2373 1310 2446 ἕτερον
1362 2375 1687 2447 ἐξευρίσκων

104 2461 280 2512 είπεῖν
313 2458 428 2531 [γρ.
464 2462 754 2534 ἐπαινεῖν],
788 2463 935 2532 λέγει
981 2464 1140 2518 τοῦτο
1181 2466 1430 2537 πρῶτον,
1457 2469 1550 2520 καὶ
1595 2467 1688 2537 μό-

101 2567 218 2613 νον,
263 2552 358 2605 καὶ
401 2552 677 2623 μέγιστον,
704 2555 779 2618 ὡς
830 2556 1045 2620 Ἰούλιος
1083 2556 1244 2611 αὑτὸν
1291 2558 1543 2628 ἀγορεύει
1591 2576 1690 2612 κα-

102 2639 238 2704 κῶς.
285 2642 366 2694 ἑνὶ
414 2642 486 2714 [Ῑ.
533 2643 644 2715 ἔνι]
690 2644 746 2697 δὲ
790 2645 976 2719 τούτῳ
1009 2645 1092 2723 τῷ.
1137 2647 1278 2718 λόγῳ
1377 2653 1526 2713 ποῖος
1589 2651 1689 2703 ούκ

102 2731 274 2798 ἐσμὸς
297 2733 552 2801 ἀγαθῶν;
581 2735 654 2787 Τὸ
680 2737 788 2806 γὰρ
813 2722 1202 2808 ἀντικειμένως
1223 2722 1365 2810 ἔχειν
1394 2740 1530 2811 πρὸς
1561 2759 1691 2794 παν-

101 2823 346 2895 τοδαπὴν
379 2827 662 2898 πονηρίαν,
697 2827 912 2890 οἰκείως
954 2829 1103 2883 ἐστὶν
1142 2829 1284 2900 ἔχειν
1314 2831 1450 2902 πρὸς
1487 2849 1686 2886 παντο-

102 2908 284 2980 δαπὴν
307 2912 526 2983 ἀρετήν.
573 2913 716 2982 Ἐγὼ
745 2915 842 2986 μὲν
871 2913 963 2970 οὖν
990 2918 1142 2972 οὐδὲν
1168 2920 1233 2974 ἂν
1255 2920 1479 2992 ἐμαυτῷ
1513 2939 1689 2974 συνει-

1788 1833 1912 1872 eum
1951 1818 2243 1887 prohibere
2276 1819 2438 1872 liceat
2459 1858 2474 1882 ,
2508 1820 2728 1889 indigne
2760 1818 2920 1873 malis
2947 1815 3367 1886 quamplurimis

1787 1910 1955 1965 allici.
1976 1909 2095 1965 Non
2124 1911 2271 1967 enim
2305 1912 2387 1965 vel
2417 1912 2650 1966 nobilem
2678 1910 2799 1980 ejus
2831 1926 3087 1972 uxorem,
3115 1909 3196 1963 vel
3225 1907 3368 1961 filios

1789 2002 1919 2056 odio
1955 2003 2153 2057 habeo.
2197 2002 2521 2070 Quanquam
2558 2019 2624 2058 ne
2663 2004 2779 2072 ipse
2816 2002 3038 2072 quidem
3075 2000 3146 2055 ob
3179 1999 3367 2054 convi-

1787 2093 1871 2147 cia
1897 2135 1910 2159 ,
1947 2110 2069 2164 quae
2101 2094 2400 2150 identidem
2443 2095 2495 2148 in
2535 2109 2622 2148 me
2647 2093 2850 2162 jactat,
2883 2093 3083 2162 dignus
3118 2099 3234 2154 est,
3270 2088 3373 2160 qui

1789 2186 1916 2239 mali
1969 2186 2178 2256 aliquid
2224 2203 2254 2241 a
2302 2202 2388 2241 me
2437 2187 2699 2254 patiatur,
2751 2192 2964 2239 tantum
3002 2183 3178 2238 abest.
3229 2181 3366 2236 Odia

1787 2289 1920 2332 sane
1953 2277 2172 2346 quidem
2211 2292 2439 2347 prorsus
2465 2285 2550 2331 est
2579 2277 2802 2347 dignus.
2854 2274 2979 2329 llmc
3019 2274 3167 2328 enim
3203 2271 3369 2342 jacti»

1788 2373 1908 2430 tat,
1941 2369 2251 2424 molestiam
2285 2384 2344 2424 se
2375 2368 2510 2423 mihi
2553 2367 2732 2423 facere
2765 2367 3076 2428 arbitrans,
3107 2379 3173 2418 ac
3215 2362 3368 2418 velut

1788 2474 2080 2515 maerorem
2137 2462 2373 2516 daturus
2418 2461 2682 2530 loquitur.
2730 2460 2910 2526 Quare
2957 2459 3211 2513 voluntas
3249 2455 3376 2525 ipsa

1787 2552 2220 2622 reprehensione
2263 2568 2372 2608 non
2417 2559 2603 2617 caret,
2657 2551 2752 2606 sed
2784 2551 2954 2606 estin
3001 2549 3182 2618 culpa.
3220 2546 3368 2601 Sciat

1789 2644 1894 2700 hoc
1922 2645 2014 2700 ille
2048 2653 2230 2700 tamen
2253 2684 2268 2707 ,
2300 2645 2383 2700 vel
2415 2644 2595 2714 potius
2630 2642 2842 2698 nesciat
2871 2663 2881 2696 :
2917 2642 3192 2697 desineret
3221 2637 3368 2693 enim

1787 2734 1929 2790 hanc
1964 2751 2178 2790 mecum
2212 2735 2444 2805 gratiam
2475 2735 2651 2800 inire;
2689 2740 2748 2787 tu
2779 2747 2910 2787 vero
2943 2731 3087 2787 scias
3117 2728 3377 2788 omnino..

1786 2825 1932 2896 quod
1975 2827 2148 2881 veteri
2183 2825 2476 2896 proverbio
2525 2825 2715 2878 tritum
2759 2832 2876 2887 est,
2916 2821 3211 2876 Utilitatem
3247 2821 3368 2888 capi

1784 2932 1850 2970 ea:
1885 2917 2116 2971 inimicis
2143 2931 2296 2984 posse
2315 2956 2330 2980 ,
2364 2930 2514 2969 nunc
2539 2930 2600 2969 re
2630 2914 2748 2984 ipsa
2778 2928 2900 2968 esse
2924 2913 3367 2983 comprobatum.

103 2999 256 3069 δείην
283 3000 550 3054 τοιοῦτον·
602 3004 807 3068 ἐκεῖνος
837 3006 894 3058 δέ
929 3005 1248 3077 φησιν.,οἶς
1282 3009 1387 3080 γάρ
1429 3010 1687 3063 τάναντία

1792 3009 1929 3076 Quid
1960 3009 2104 3064 enim
2152 3023 2263 3062 non
2299 3007 2370 3062 ad
2403 3007 2634 3076 gloriam
2679 3005 2842 3060 nobis
2883 3013 3049 3074 atque
3083 3004 3370 3060 existima-

105 3092 265 3161 φησὶ,
293 3092 450 3147 τοῦτο
496 3095 778 3148 πιστοῦται
804 3109 817 3123 '
859 3095 1000 3149 ὥστε
1039 3097 1132 3154 καὶ
1175 3099 1333 3168 χάριν
1378 3100 1444 3153 ἂν
1490 3100 1687 3171 εἰδείην

104 3179 278 3250 αὐτῷ.
312 3181 396 3252 Νὴ
425 3181 524 3253 τὴν
568 3182 720 3253 ίεράν
751 3200 841 3236 σου
883 3184 1147 3256 κεφαλὴν,
1179 3187 1273 3240 καὶ
1300 3186 1395 3256 τὴν
1424 3187 1534 3241 τῶν,
1560 3205 1690 3241 παι-

104 3271 237 3326 δίων
286 3289 388 3342 μου
429 3275 722 3345 σωτηρίαν,
767 3277 868 3338 οὐκ
913 3278 1056 3329 ἔστιν
1103 3279 1131 3330 ὅ
1171 3295 1225 3331 τι
1259 3279 1324 3334 ἄν
1371 3297 1460 3350 μοι
1505 3281 1690 3350 μεῖζον

108 3361 228 3432 [γρ.
261 3366 507 3434 κρεῖττόν
555 3366 666 3437 μοι]
703 3367 796 3420 τοῦ
841 3367 1197 3439 λοιδορεῖσθαι
1246 3371 1552 3441 χαρίσαιτο.
1583 3374 1690 3426 Καὶ

119 3453 221 3522 (ἀρ
254 3456 346 3507 καὶ
381 3455 516 3524 πρὸς
545 3455 680 3508 Θεοῦ
711 3457 802 3518 καὶ
842 3457 977 3527 πρὸς
1007 3457 1328 3528 ἀνθρώπων,
1361 3461 1419 3513 ἐν
1457 3460 1534 3531 τῷ
1561 3461 1692 3514 καλ-

106 3543 278 3613 λίστῳ
310 3560 400 3613 μοι
422 3544 666 3600 κείσεται
687 3546 862 3599 τοῦτο.
903 3546 1063 3600 Ἀλλά
1087 3549 1180 3600 καὶ
1201 3549 1300 3618 τῆς
1323 3551 1692 3621 προαιρέσεως

105 3631 275 3687 δώσει
305 3633 459 3698 δίκας
481 3651 495 3664 ·
527 3636 650 3706 ἐμοὶ
683 3635 800 3705 μὲν,
824 3634 884 3688 οὖ
908 3652 920 3664 °
954 3637 1116 3706 τυχὸν
1151 3638 1248 3706 μὲν
1273 3638 1382 3709 γὰρ
1413 3639 1521 3694 οὐδ’
1544 3640 1610 3693 ἂν
1643 3642 1691 3693 εἰ

108 3727 402 3803 δυναίμην,
447 3726 769 3798 βουλοίμην·
804 3728 1019 3792 πάντως
1057 3729 1134 3792 δὲ,
1174 3730 1281 3782 οὐδ’
1307 3730 1372 3784 ἂν
1401 3735 1447 3785 εί
1488 3719 1719 3802 βουλοίοί

108 3833 248 3888 μην,
295 3816 577 3888 δυναίμην.
615 3817 679 3870 Τί
713 3817 820 3888 γὰρ
853 3817 1005 3889 παρά
1040 3818 1131 3872 τὸν
1172 3820 1265 3871 ἐπὶ
1310 3821 1501 3891 καιροῦ
1533 3821 1692 3875 δυνά-

108 3919 251 3972 στην
279 3903 563 3974 ἄνθρωπος
583 3906 756 3969 οὕτως
786 3907 990 3976 ἀτυχὴς
1023 3906 1132 3980 [γφ.
1167 3909 1442 3981 εὐτυχὴς],
1464 3911 1540 3970 ὡς
1567 3913 1695 3966 ἀλᾶ-

109 3996 240 4048 σθαι
270 3996 486 4065 φεύγων
512 3998 610 4068 τὴν
630 3997 843 4062 ἑαυτοῦ,
880 3999 972 4052 καὶ
1001 4001 1126 4070 μηδ’
1154 4001 1372 4065 ἐλπίδας
1395 4001 1536 4072 ἔχειν
1565 4003 1696 4055 καθ-

107 4090 236 4143 όδου
257 4128 271 4151 ,
337 4088 440 4143 τῶν
498 4092 772 4160 πολεμίων
843 4093 1410 4165 ἐστρατοπεδευκότων
1463 4097 1519 4148 ἐν
1581 4100 1694 4160 τοῖς

109 4182 294 4251 ἐμοῖς,
315 4182 584 4245 κάκείνοις
610 4183 965 4254 ὁρμητηρίοις
997 4183 1139 4237 κατά
1179 4186 1434 4256 Κυρήνης
1473 4185 1694 4255 χρωμέ-

109 4289 222 4328 νων
244 4289 259 4338 ;
284 4273 398 4326 Τίνι
429 4273 630 4342 μέντοι,
649 4275 755 4326 τίνι
777 4274 934 4327 δώσει
959 4275 1111 4339 δίκας
1131 4293 1145 4342 ;
1169 4276 1312 4346 Αύτῇ
1334 4278 1398 4346 τῇ
1419 4275 1562 4348 δίκῃ.
1582 4275 1695 4344 Ἐγσ

1791 3101 1994 3155 tionem
2027 3101 2190 3154 homo
2219 3100 2324 3154 iste
2356 3097 2621 3152 confert?
2654 3095 2981 3164 Quicunque
3015 3093 3239 3148 laudare
3268 3105 3369 3148 nes

1789 3190 2005 3254 nititur,
2038 3205 2161 3242 eum
2194 3188 2439 3242 invenire
2465 3187 2596 3256 quid
2629 3187 2774 3240 dicat
2803 3185 2952 3239 aliud
2987 3185 3122 3238 nihil
3151 3191 3369 3252 potest,

1791 3278 1897 3332 hoc
1925 3277 2194 3346 primum,
2219 3283 2273 3330 et
2301 3290 2469 3330 unum
2497 3283 2551 3330 et
2574 3275 2872 3329 maximum
2895 3273 3131 3343 profert:
3163 3271 3380 3326 Julium.

1791 3369 1858 3423 de
1889 3369 1982 3422 illo
2012 3365 2322 3421 detrahere.
2360 3364 2474 3419 lluc
2510 3372 2692 3420 autem
2728 3379 2840 3419 uno
2867 3363 3037 3419 verbo
3080 3377 3200 3434 quae
3256 3377 3367 3416 non

1794 3459 2058 3512 bouoru‘m
2096 3458 2255 3528 copia
2285 3456 2648 3513 continetur?
2679 3456 2950 3526 siquidem
2997 3455 3252 3525 nequitiae
3277 3470 3367 3525 ge-

1792 3551 1908 3605 neri
1941 3550 2089 3605 omni
2124 3550 2404 3605 adversari
2440 3549 2575 3603 nihil
2607 3549 2752 3603 aliud
2781 3557 2895 3614 est,
2929 3563 3091 3618 quam
3121 3563 3249 3604 esse
3275 3563 3380 3618 gc-V

1793 3639 1910 3693 neri
1960 3638 2110 3693 omni
2153 3639 2375 3693 virtutis
2418 3638 2655 3693 affinem.
2700 3639 2879 3708 Atque
2911 3654 3012 3707 ego
3054 3652 3190 3693 sane
3230 3638 3368 3691 nihil

1793 3727 2060 3797 ejusmodi
2089 3730 2144 3784 in
2173 3745 2260 3784 me
2307 3745 2430 3786 esse
2463 3729 2750 3804 intelligo;
2805 3728 2898 3783 sed
2954 3729 3057 3782 hoc
3109 3729 3200 3783 ille
3253 3729 3370 3798 ipse

1794 3819 1948 3873 dicit.
1980 3817 2115 3873 Nam
2144 3819 2272 3873 dum
2309 3805 2585 3873 contraria
2625 3819 2805 3872 omnia
2839 3817 2994 3880 dicit,
3028 3817 3186 3871 fidem
3221 3818 3392 3872 illius.

1795 3913 1995 3969 astruit
2022 3911 2211 3968 zadeo
2249 3920 2308 3966 ut
2350 3912 2436 3965 vel
2485 3912 2534 3966 ei
2575 3911 2805 3982 gratiam
2846 3911 3097 3966 habeam.
3139 3908 3242 3964 Per
3283 3925 3370 3965 sa-

1796 4020 1948 4061 crum
1980 4014 2130 4057 tuum
2181 4012 2346 4074 caput
2390 4010 2446 4058 et
2493 4003 2791 4058 liberorum
2824 4002 3060 4056 salutem
3089 4001 3243 4071 juro,
3282 4001 3371 4054 ni-

1799 4096 1875 4153 hil
1904 4111 2061 4162 esse,
2097 4097 2152 4152 in
2182 4112 2293 4168 quo
2317 4081 2515 4175 melius
2545 4096 2613 4152 de
2646 4111 2731 4151 me
2751 4135 2765 4160 ,
2807 4110 2969 4164 quam
3011 4093 3274 4148 conviciis
3306 4109 3373 4147 ac

1798 4194 2013 4260 probris
2038 4173 2403 4254 lacessendo,
2427 4172 2724 4244 mereatur.
2767 4187 2899 4241 Nam
2939 4195 2992 4241 et
3023 4185 3164 4255 apud
3196 4185 3366 4238 Deum

1797 4293 1852 4341 et
1898 4284 2042 4354 apud
2072 4283 2324 4338 homines
2366 4282 2689 4352 praeclarum
2726 4281 2830 4335 hoc
2874 4280 3003 4333 mihi
3047 4278 3150 4332 erit
3205 4286 3380 4346 atque

109 4383 141 4434 -ι
154 4363 338 4434 υῶμαι
362 4364 471 4434 γάρ
503 4363 635 4432 ἐγὼ,
651 4364 809 4418 τοῦτο
837 4367 1021 4434 σαφῶς
1054 4366 1166 4437 [γρ.
1194 4365 1353 4419 τοῦτο
1372 4367 1581 4436 σαφῶς,
1607 4363 1689 4440 εὖ]

1798 4377 2220 4447 amplissimum.
2256 4374 2569 4440 Quinetiam
2599 4373 2724 4427 mali
2759 4372 2926 4425 animi
2960 4386 3152 4440 paruas
3181 4369 3330 4432 dabit
3352 4411 3365 4433 ,

109 4455 315 4509 εἰδέναι
351 4454 540 4508 δοκῶν.
584 4455 1122 4525 Μετελεύσεταινγάρ
1156 4456 1316 4510 αὑτὸν
1357 4458 1495 4530 ὑπὲρ
1539 4459 1695 4529 ἐμοῦ,

110 4545 331 4616 καὶτῆς
351 4545 537 4616 κοινῆς
563 4547 840 4618 πατρίδος,
859 4549 996 4619 ὑπὲρ
1013 4543 1080 4618 ἦς
1098 4549 1358 4604 τάναντία
1381 4549 1698 4604 πεπολιτεῦ-

114 4638 283 4708 μεθα,
314 4637 408 4690 καὶ
427 4637 496 4692 δι’
523 4637 588 4708 ἢν
618 4638 867 4709 ἀλλήλοις
902 4640 1290 4710 ἀπηχθήμεθαι
1321 4642 1395 4695 Οὐ
1421 4643 1530 4713 γὰρ
1559 4644 1708 4715 ὑπὲρ

108 4732 227 4784 τῶν
256 4730 495 4800 ἐμαυτοῦ
511 4748 678 4796 τινος,
707 4732 816 4784 οὐδ’
835 4731 902 4784 ἂν
926 4732 1088 4795 αὐτὸς
1108 4735 1282 4786 εἰπεῖν
1303 4733 1435 4804 ἔχοι.
1455 4735 1616 4789 Ἀλλά
1629 4737 1698 4791 τὰ

111 4821 316 4894 πρῶτα
355 4823 453 4892 μὲν
479 4823 563 4876 ὅτι
593 4823 654 4876 τὸ
681 4825 1068 4894 στρατιωτικόν
1095 4841 1155 4876 τε
1187 4826 1279 4878 καὶ
1315 4827 1378 4878 τὸ
1425 4826 1716 4896 βουλευτιιι

110 4916 212 4968 κὸν
268 4912 456 4985 ἑώρων
510 4915 591 4978 είς
638 4914 880 4986 θητικὸν,
927 4916 1020 4968 καὶ
1069 4915 1385 4987 ἐπειρώμην
1425 4917 1694 4989 ἀντέχειν’

1798 4467 1931 4523 mihi
1964 4466 2184 4537 quidem
2218 4479 2565 4535 nequaquam
2595 4481 2608 4517 :
2649 4462 2908 4518 fortassis
2950 4462 3094 4515 enim
3129 4475 3236 4513 non
3263 4500 3278 4523 ,
3311 4469 3386 4511 ut.

1796 4560 2280 4626 maximelpossem
2300 4595 2314 4620 ,
2348 4556 2539 4610 vellem
2570 4574 2583 4610 :
2620 4554 2847 4608 omnino
2879 4568 3010 4606 vero
3042 4567 3149 4604 non
3181 4552 3228 4605 si
3258 4552 3371 4604 vel-

1796 4652 1938 4714 lem,
1982 4663 2221 4720 possem.
2263 4646 2402 4714 Quid
2449 4646 2594 4700 enim
2645 4643 2787 4714 apud
2826 4659 2952 4696 cum
3010 4650 3226 4713 posset,
3275 4641 3394 4710 qni'

1798 4739 1961 4795 modo
1999 4747 2197 4811 prmcst
2232 4737 2527 4807 provincia:
2550 4777 2565 4801 ,
2601 4745 2711 4788 tam
2746 4734 2948 4788 infelici
2986 4734 3148 4786 homo
3178 4732 3371 4785 condi-

1803 4830 1988 4894 tione,
2047 4830 2240 4899 patriis
2290 4825 2733 4882 utlab-scdihus
2783 4840 2953 4893 vagus
2997 4839 3068 4876 ae-
3109 4823 3372 4893 profugus

1805 4930 1986 4985 erret,
2018 4936 2119 4976 nec
2151 4919 2358 4975 reditus
2396 4933 2547 4988 spem
2583 4918 2746 4971 ullam
2789 4917 3028 4980 habeat;
3073 4931 3198 4968 cum
3237 4916 3382 4969 meis

1321 5051 1500 5107 DION.
1537 5053 1814 5112 PETAVII
1877 5055 2107 5113 NOTIE.

91 5175 102 5181 ·
190 5175 309 5239 (ea)
369 5171 597 5227 Λυπεῖν
649 5170 776 5242 γὰρ
813 5171 1085 5242 οιόμενος
1123 5171 1314 5242 λέγειο,
1381 5171 1488 5242 βία
1558 5173 1699 5242 apud

115 5245 407 5298 Platonem
463 5243 721 5296 Socrates
769 5241 823 5293 in
858 5239 1115 5310 Apologia
1148 5254 1166 5292 :
1207 5239 1328 5310 Kal.
1375 5239 1548 5308 ἔγωγε
1586 5239 1702 5306 τοῖς

112 5310 668 5380 γαταψηφισαμένοις
708 5326 810 5380 μου
836 5311 930 5380 καὶ
959 5311 1072 5372 τοῖς
1107 5309 1434 5380 κατηγόροις
1465 5311 1526 5363 ού
1558 5313 1697 5366 πάνυ

112 5379 470 5451 χαλεπαίνω·
509 5380 684 5451 καίτοι
712 5379 1333 5451 οὐλταύτῃ-τῇ-διανοίᾳ
1397 5380 1698 5451 κατεψηφί-

116 5435 283 5504 ξιοντό
315 5466 442 5518 Ϋμου
473 5449 565 5501 καὶ
617 5435 1123 5518 κατηγόρουν,”ἀλ’λῒ
1169 5435 1405 5518 οἰόμενοι
1442 5435 1698 5518 βλάπτειν

115 5539 208 5574 τι-
244 5517 402 5572 τοῦτο
438 5519 622 5581 αὐτοῖς
640 5517 790 5587 ἄξιον
826 5517 1154 5587 μέμφεσθαι.
1174 5517 1327 5581 Quod
1356 5518 1427 5570 ita
1463 5517 1694 5574 Cicera]

123 5593 291 5647 Tusc.
329 5588 589 5656 exprimit
620 5607 633 5642 :
679 5586 789 5640 Nec
817 5586 934 5641 vero
972 5589 1062 5648 iis,
1109 5603 1142 5639 ιι
1180 5588 1364 5656 quibus
1417 5598 1694 5656 accusatus

121 5676 268 5724 sum,
300 5655 415 5711 aut
441 5675 470 5710 a
501 5657 688 5725 quibus
741 5658 1136 5721 condeumatus,
1179 5655 1342 5710 habeo
1381 5655 1518 5726 quod
1573 5674 1693 5713 suc-

1799 5189 2076 5234 censeam;
2140 5171 2243 5225 m'si
2300 5167 2438 5239 quod
2481 5167 2610 5219 mihi
2657 5183 2841 5239 nocere
2906 5167 3367 5239 secrediderunt.

1870 5244 1983 5312 (26)
2017 5244 2077 5296 Τί
2101 5241 2214 5312 γὰρ
2236 5235 2324 5303 είς
2347 5239 2644 5312 εὔκλειαν.
2680 5235 2902 5312 Seneca
2934 5237 3027 5291 lib.
3068 5237 3142 5290 De
3159 5237 3366 5312 remeat.

1799 5307 2008 5384 fortuit.
2047 5307 2232 5384 {Male
2259 5312 2400 5384 de_t_e
2422 5307 2727 5384 loquuntur.
2761 5308 2994 5384 homines
3019 5323 3044 5384 ί
3080 5307 3169 5359 sed
3202 5307 3366 5384 gnati.

1796 5373 2031 5439 Moverer
2053 5381 2100 5434 si
2128 5379 2190 5433 de
2222 5395 2303 5431 me
2329 5381 2402 5430 M.
2436 5373 2590 5440 Cato,
2620 5376 2667 5429 si
2696 5375 2891 5430 Lwlius
2913 5378 3140 5444 sapiens,
3167 5375 3212 5427 si
3235 5373 3374 5444 alter

1798 5453 1950 5518 Cato,
1988 5453 2034 5505 si
2070 5450 2176 5502 duo
2213 5447 2483 5518 Scipiones
2511 5448 2615 5518 ista
2647 5442 2993 5518 loquerentur.
3032 5442 3368 5518 Nuncmalis

1801 5512 2098 5590 displicere,
2149 5512 2370 5590 laudari
2407 5526 2506 5590 est.
2532 5515 2663 5590 _.Nou
2697 5512 2861 5590 potest
2887 5515 3050 5590 ullam
3078 5512 3370 5590 auctorita-

1802 5581 1902 5647 teni
1942 5591 2129 5644 habere
2150 5587 2424 5646 sententia.
2453 5587 2541 5639 ubi
2561 5586 2651 5654 qui
2673 5581 3006 5638 donmaudus
3023 5593 3096 5636 est
3126 5581 3366 5637 damnat.
