3838 6236
431 250 573 311 N53
1463 252 1735 312 SYNESll
1771 253 2023 312 P'I'OLEI

2130 254 2240 313 ms
2265 254 2581 315 EPISCOPI
3565 257 3700 315 rm

421 365 478 420 in
521 361 740 437 praediis
778 360 969 422 hostes
1001 376 1182 423 castra
1227 384 1326 425 sua
1372 371 1801 440 collocaverint,
1835 388 2010 445 eaque

2130 374 2304 429 ἒπειτα
2371 376 2555 446 μέντοι
2620 377 2689 431 τὰ
2736 378 2865 449 περὶ
2917 377 3016 449 τὴν
3055 375 3356 449 πρεσϐείαν
3406 374 3509 429 καὶ
3556 374 3697 427 πάνυ

423 463 683 525 tanquam
735 469 862 510 arce
894 470 959 510 ac
995 457 1250 527 praesidio
1305 469 1499 515 contra
1542 463 1792 533 Cyrenen
1846 474 2007 518 utan-

2130 469 2384 540 λαμπρῶς
2415 471 2788 525 διεστασίασεν
2817 472 2985 542 ἡμᾶς.
3034 471 3139 525 Ἑιῖ)
3166 468 3239 523 τά
3271 468 3411 523 κατά
3436 468 3531 520 τὸν
3556 468 3700 527 ἑταῖ-

423 544 557 597 tur?
582 544 812 599 Cuinam
845 545 1036 616 igitur,
1073 548 1293 603 cuinam
1324 565 1518 620 pennas
1552 553 1752 607 dabit?
1774 553 2008 609 Iustitiae

2130 579 2208 614 »ον
2238 562 2642 633 Διοσκουρίδην,
2675 564 2760 617 ὅτι
2809 563 3047 633 μετρίως
3080 562 3349 634 ἐπράχθη.
3372 559 3471 614 καὶ
3497 560 3598 628 οὐχ
3629 559 3703 621 ὡς

422 633 544 701 ipsi.
598 633 678 689 lta
707 636 853 690 enim
891 637 1085 707 procul
1126 639 1295 695 dubio
1353 641 1468 697 fore
1520 645 1803 713 polliceor,
1856 647 2003 715 quod

2130 650 2180 701 ἰν
2223 652 2442 720 κινῆσαι
2487 651 2624 705 Θεοῦ
2664 669 2725 706 τε
2777 654 2871 706 καὶ
2915 633 3219 721 ἀνθρώπων
3270 650 3519 721 νέμεσιν.
3552 646 3701 714 Δῦτη

423 726 681 792 praeclare
709 728 852 784 scire
879 730 1091 785 videor.
1120 730 1256 786 Nam
1283 734 1435 789 illum
1463 752 1584 791 meo
1610 747 1663 791 et
1688 740 2001 795 communis

2130 742 2296 796 ιέντοι
2332 743 2521 812 σαφῶς
2546 746 2662 797 ὲστι
2694 746 2822 816 περὶ
2846 740 2914 815 ἦς
2943 744 3079 815 πρὸς
3106 742 3277 814 λύραν
3305 741 3503 812 ᾄδομεν
3524 755 3538 768 ⁸

424 819 619 884 νεηνίαι
649 820 810 892 235
847 823 1072 879 nomine
1106 825 1428 892 ulciscetur,
1467 844 1565 898 pro
1610 846 1719 900 qua
1765 831 2013 887 diversas
2052 833 2106 887 in
2130 834 2572 889 administrando
2599 846 2782 906 partes
2809 837 3201 899 tcuuimus;et
3254 844 3478 903 propter
3536 846 3701 900 quam

420 923 637 969 mutuas
681 914 1013 972 oﬂ‘ensiones
1052 925 1218 989 atque
1263 920 1584 978 inimicitias
1629 926 2003 995 suscepimus.
2036 926 2157 982 Non
2206 930 2352 983 enim
2388 930 2558 985 ullius
2596 946 2841 986 mearum
2877 947 3059 985 rerum
3100 945 3268 984 causa
3301 928 3697 997 suscepimus:

420 1021 596 1073 neque
632 1006 684 1060 id
716 1006 901 1062 dicere
935 1008 1025 1063 ille
1058 1018 1258 1080 potest.
1298 1011 1403 1067 Sed
1440 1016 1679 1084 primum
1721 1018 1963 1071 omnium
1989 1057 2005 1082 ,
2046 1018 2191 1089 quod
2226 1035 2340 1075 rem
2378 1021 2669 1077 militarem
2703 1032 2757 1077 et
2790 1024 3037 1077 civitatis
3066 1022 3361 1077 consilium
3397 1021 3463 1073 ad
3502 1034 3709 1088 operas

423 1107 585 1166 atque
625 1101 997 1159 mercenarios
1046 1103 1336 1161 devenisse
1376 1108 1907 1175 animadverteram,
1944 1114 2104 1184 eique
2142 1116 2406 1171 resistere
2454 1118 2719 1172 conabar.
2760 1118 2955 1173 Postea
3003 1133 3133 1172 vero
3181 1117 3381 1187 legatio
3431 1116 3554 1185 ipsa
3597 1128 3699 1167 nos

421 1192 659 1247 maxime
712 1194 949 1248 invicem
1009 1194 1364 1253 abalienavit.
1396 1199 1578 1280 .Blitto
1633 1218 1757 1272 qua
1796 1204 1847 1258 in
1886 1205 2095 1263 sodalis
2130 1207 2471 1265 Dioscoridis
2510 1225 2680 1265 causa
2724 1210 3111 1280 contigerunt,
3157 1224 3319 1278 quam
3370 1223 3401 1261 a
3447 1221 3537 1261 me
3574 1220 3707 1259 cum

420 1284 567 1337 omni
606 1285 981 1344 moderatione
1011 1288 1156 1342 facta
1176 1326 1192 1353 ,
1235 1305 1335 1345 nec
1366 1301 1426 1347 ut
1458 1291 1552 1349 Dei
1598 1305 1693 1351 aut
1724 1296 2015 1354 hominum
2043 1300 2471 1374 indignationem
2506 1318 2887 1374 provocarent.
2926 1302 3053 1359 Haec
3081 1310 3265 1358 tamen
3298 1302 3417 1371 ipsa
3451 1297 3711 1355 Nemesis

420 1388 535 1443 est,
569 1379 636 1435 de
663 1394 771 1453 qua
801 1382 871 1436 ad
898 1382 1072 1453 lyram
1103 1390 1356 1446 canimus
1381 1409 1397 1444 :

523 1512 679 1592 {Ilum
742 1517 963 1592 restigia
988 1519 1237 1588 gradiens
1280 1524 1514 1592 premis;

525 1581 790 1658 [fletaque
827 1581 967 1641 colla
988 1581 1250 1658 'repn'mis
1267 1633 1279 1649 .

523 1653 633 1707 Sub
661 1672 847 1711 norma
880 1660 1041 1712 vitam
1065 1653 1347 1715 hominum
1386 1671 1549 1717 tenes.

497 1785 695 1842 Verum
720 1804 845 1844 cum
882 1790 1169 1848 decretum
1205 1795 1518 1850 faciendum
1545 1806 1729 1859 esset,
1767 1798 2013 1868 egoqui-

421 1879 544 1934 dem
584 1897 681 1950 pro
711 1884 889 1953 patria
936 1894 1132 1940 auctor
1162 1903 1337 1950 eram,
1377 1898 1437 1942 nt
1491 1891 1770 1959 peregrini
1803 1908 1833 1945 a
1868 1891 2014 1947 mili-

423 1969 498 2024 ‘ia
527 1972 802 2029 iummnes
824 1985 1012 2031 essent
1043 1993 1065 2029 :
1090 1988 1146 2033 at
1197 1980 1291 2033 ille
1317 1995 1417 2049 pro
1444 1979 1693 2036 llelladio
1736 1991 1791 2038 et
1840 1981 2017 2039 Theo-

422 2060 561 2116 duro
589 2064 947 2134 repugnabat.
974 2066 1301 2139 Quanquam
1327 2072 1556 2138 quiscst
1576 2072 1711 2139 quin
1747 2071 2018 2144 intelligat

420 2153 773 2221 magistratus
804 2172 1020 2221 omnes,
1054 2161 1218 2213 etiam
1251 2176 1349 2217 eos
1401 2163 1495 2231 qui
1530 2172 1728 2218 natura
1778 2167 2018 2221 maxime

420 2244 687 2300 militares
712 2258 866 2311 sunt,
894 2265 924 2303 a
950 2252 1257 2321 peregrinis
1290 2253 1568 2321 dedoceri,
1588 2263 1644 2310 et
1689 2256 1743 2310 in
1801 2272 2014 2311 merca-

420 2343 578 2392 tores
600 2340 1034 2397 transformari?
1062 2343 1277 2399 Rursus
1322 2348 1548 2400 alterius
1582 2347 1787 2403 decreti
1817 2360 2015 2403 auctor

422 2439 609 2490 eram,
679 2427 748 2483 de
800 2431 1073 2487 abolendo
1122 2434 1265 2505 apud
1310 2451 1411 2491 nos
1464 2438 1691 2492 duratu.
1768 2437 1823 2492 ld
1873 2440 2017 2508 quod

422 2531 635 2581 omnes,
670 2521 763 2590 qui
786 2522 874 2578 hic
896 2532 1047 2588 sunt,
1076 2542 1189 2578 uno
1207 2543 1479 2582 consensu
1512 2537 1768 2583 asserunt
1791 2532 2014 2584 unicum

420 2623 550 2664 esse
581 2613 849 2667 malorum
880 2616 1179 2669 remedium
1203 2658 1218 2681 ,
1260 2626 1318 2671 ut
1373 2619 1616 2689 antiqure
1673 2622 2015 2690 praefecturae

422 2702 680 2758 civitates
715 2707 1165 2768 contribuantur.
1231 2711 1338 2767 hoc
1394 2721 1477 2767 est
1535 2721 1595 2766 ut
1668 2713 1736 2767 ab
1791 2712 2016 2785 Egypti

422 2792 685 2863 prtel‘ccto
736 2795 919 2867 Libyae
956 2814 1173 2868 quoque
1216 2801 1382 2856 urbes
1408 2802 1885 2859 administrentur.
1935 2805 2004 2859 At

422 2884 689 2941 illelucri-
709 2903 874 2944 causa
904 2889 1215 2961 refragatus
1236 2901 1356 2959 est;
1401 2894 1690 2963 palamque
1713 2895 1897 2951 dicere
1928 2910 2019 2949 au-

425 2993 524 3033 sus
549 2988 635 3033 est
656 3019 670 3041 ,
712 2981 967 3049 expedire
1003 2982 1242 3040 humiles
1271 2994 1439 3055 atque
1486 2988 1731 3051 abiectos
1759 3005 1884 3044 esse
1908 2990 2016 3043 mi-

424 3069 572 3126 lites.
608 3070 736 3136 Sed,
761 3071 927 3127 heus!
957 3083 1012 3126 tu
1051 3076 1251 3143 (operae
1290 3078 1526 3144 pretium
1561 3080 1707 3131 enim
1750 3087 1854 3145 est,
1908 3080 2015 3135 hoc

427 3161 507 3215 illi
540 3162 637 3216 abs
669 3173 728 3218 te
748 3162 904 3234 dici),
935 3174 1159 3234 propter
1185 3167 1288 3222 ista
1322 3184 1468 3222 nunc
1504 3170 1727 3240 quidem
1759 3187 2022 3227 exsecra-

426 3250 557 3308 bilis
589 3270 649 3309 es
671 3297 689 3318 ,
722 3256 813 3325 qui
847 3258 1166 3313 communis
1214 3259 1447 3315 fortuna:
1481 3272 1672 3317 emitra
1723 3279 1887 3333 quam
1920 3280 2025 3319 ca:-

428 3345 530 3399 teri
563 3346 641 3400 sis
662 3349 958 3417 particeps.
995 3347 1127 3401 Nam
1161 3350 1352 3405 beatus
1385 3352 1531 3407 inter
1550 3354 1781 3409 miseros
1808 3354 1965 3424 (legis
2000 3374 2017 3422 ;

430 3449 487 3493 at
515 3452 617 3510 ego
643 3454 988 3494 communem
1013 3456 1136 3495 cum
1164 3433 1380 3498 civitate
1416 3443 1789 3499 infelicitatem
1848 3447 2016 3502 susti-

429 3544 561 3588 neo.
585 3530 738 3586 Scito
772 3539 957 3587 tamen
991 3542 1200 3587 naturae
1224 3534 1367 3588 hanc
1385 3550 1507 3590 esse
1529 3535 1701 3605 legem
1745 3544 1803 3589 ut
1838 3547 2019 3607 partes

432 3624 491 3678 in
540 3630 657 3679 toto
685 3624 1248 3694 comprehendantur.
1281 3626 1360 3679 Ac
1407 3626 1629 3694 quando
1661 3642 1728 3681 ex
1766 3628 2020 3698 corporis

433 3715 776 3770 detrimento
803 3715 958 3785 splen
1004 3731 1172 3786 supra
1204 3715 1426 3771 modum
1478 3719 1805 3783 excreverit,
1842 3720 2021 3775 donec

436 3806 759 3862 universum
801 3821 1004 3878 corpus
1060 3808 1298 3873 steterit,
1332 3809 1512 3879 gliscit
1548 3811 1769 3880 quidem
1808 3820 1864 3867 et
1905 3811 2019 3867 dis-

434 3898 713 3964 tenditur;
753 3913 819 3953 eo
851 3914 983 3954 vero
1014 3908 1296 3969 pereunte,
1324 3901 1489 3956 simul
1534 3902 1700 3957 etiam
1735 3903 1897 3974 perit.
1926 3902 2019 3959 Sic

437 4001 497 4044 tu
532 3991 784 4059 praesenti
811 4006 1072 4048 successu
1101 3991 1590 4064 fruens.paulatim
1623 3997 1876 4052 consiliis
1906 3997 2017 4052 tuis

437 4082 621 4141 fatalis
645 4091 699 4137 et
729 4082 941 4153 patriae,
964 4092 1017 4137 et
1064 4083 1141 4136 tui
1178 4085 1350 4153 pestis
1405 4094 1569 4151 atque
1606 4086 1835 4141 exitium
1881 4087 2019 4143 eris.

2303 1524 2590 1590 Λήθσυσα
2616 1522 2684 1577 δὲ
2704 1524 2863 1592 παρὰ
2892 1523 3049 1579 πόδα
3064 1523 3304 1589 βαίνεις
3323 1539 3340 1554 ο

2294 1595 2720 1662 Ιάυρούμενον
2755 1593 2985 1661 αὐχένα
3012 1595 3239 1658 uir-etc
3257 1610 3271 1625 ·

2308 1664 2454 1718 Ὑπὸ
2491 1663 2702 1734 πῆχυν
2725 1664 2817 1718 ἀεὶ
2852 1664 3068 1728 βιοτὰν
3095 1662 3328 1731 κρατεῖς

2201 1801 2362 1855 Ἀλλά
2385 1799 2720 1872 ψηφίζεσθαι
2747 1799 2891 1865 δέον,
2917 1800 3026 1868 ἐγὼ
3050 1800 3147 1870 μὲν
3170 1800 3405 1871 ἔγραφον
3432 1799 3580 1871 ὑπὲρ
3603 1799 3711 1869 τῆς

2116 1893 2404 1964 πατρίδος,
2455 1893 2785 1962 ἀστρατείαν
2828 1890 2968 1945 εἶναι
2999 1895 3115 1954 τοῖς
3150 1891 3317 1956 ξένοις
3342 1908 3357 1923 ·
3400 1890 3430 1943 ὁ
3479 1892 3539 1944 δὲ
3574 1892 3708 1945 ἀντ-

2115 1987 2301 2056 έλεγεν
2332 1986 2470 2058 ὑπὲρ
2498 1985 2770 2039 Ἐλλαδίου
2815 1988 2907 2040 καὶ
2935 1986 3231 2058 Θεοδώρου.
3258 1985 3450 2038 Καίτοι
3487 1985 3576 2047 τίς
3602 1985 3709 2037 οὐκ

2116 2076 2282 2144 οἶδεν,
2305 2080 2388 2133 ὅτι
2424 2079 2519 2134 καὶ
2555 2080 2682 2144 τοὺς
2711 2074 2871 2148 φύσει
2898 2078 3303 2151 στρατιωτικῶς
3341 2078 3569 2147 ἔχοντας
3595 2076 3715 2135 τῶν

2116 2170 2398 2243 ἀρχόντων
2454 2171 2502 2223 οἱ
2554 2168 2693 2234 ξένοι
2736 2169 3186 2240 μεταδιδάσκουσι
3230 2168 3323 2223 καὶ
3359 2166 3702 2238 μετασκευά-

2117 2262 2303 2326 ζουσιν
2342 2263 2419 2326 είς
2453 2262 2756 2334 ἐμπόρους;
2803 2262 2971 2316 Πάλιν
2997 2261 3236 2332 ἔγραφον
3273 2260 3385 2331 (97)
3417 2259 3560 2329 ὑπὲρ
3606 2256 3701 2311 τοῦ

2116 2349 2372 2405 λελύσθαι
2401 2350 2500 2421 τὴν
2535 2352 2823 2422 παρ’ήμῑν
2869 2349 3225 2420 στρατηγίαν.
3274 2349 3415 2419 ὅπερ
3463 2348 3707 2408 ἅπαντες

2116 2440 2413 2511 ὁμοφώνως
2438 2442 2488 2494 oi
2536 2441 2663 2513 τῇδε
2692 2441 2970 2511 ἀνθρωττοι
3007 2441 3165 2511 μόνον
3193 2436 3332 2492 εἷναί
3375 2455 3509 2507 φασι
3535 2436 3706 2506 λυτή-

2119 2549 2234 2604 ριον
2262 2533 2370 2586 τῶν
2400 2532 2610 2600 δεινῶν,
2652 2533 2966 2586 ἐπανελθεῖν
2996 2534 3075 2596 είς
3121 2530 3355 2603 ἀρχαίαν
3399 2528 3705 2600 ἡγεμονίαν

2114 2627 2215 2690 τὰς
2245 2624 2467 2688 πόλεις’
2512 2623 2789 2679 τουτέστιν
2833 2624 2937 2677 ὑπὸ
2967 2624 3058 2677 τὸν
3105 2623 3418 2691 Αἰγυπτίων
3465 2621 3705 2691 ἄρχοντα

2117 2718 2211 2771 καὶ
2235 2716 2335 2780 τάς
2359 2716 2575 2770 Λιϐύων
2600 2716 2880 2787 τετάχθαι.
2925 2717 2984 2768 '0
3009 2715 3066 2768 δὲ
3102 2714 3386 2781 ἀντέλεγεν
3421 2712 3563 2779 ὑπὲρ
3594 2711 3704 2763 τῶν

2117 2810 2325 2882 κερδῶν
2373 2809 2468 2861 καὶ
2499 2809 2761 2880 ἄντικρυς
2795 2806 3075 2876 ἀπετόλμα
3124 2805 3323 2873 λέγειν,
3354 2804 3435 2857 ὅτι
3486 2802 3705 2855 λυσιτε-

2118 2900 2202 2953 λεῖ
2229 2901 2516 2963 ταπεινοὺς
2554 2896 2691 2953 εἶναι
2734 2897 3088 2969 στρατιώτας.
3126 2896 3265 2948 Ἀλλ’
3295 2889 3338 2948 ὦ
3369 2895 3488 2947 ’τᾶν
3532 2893 3709 2962 (ἄξιον

2123 2993 2228 3062 γὰρ
2256 2991 2346 3044 διὰ
2380 2991 2473 3044 σοῦ
2518 2990 2658 3061 πρὸς
2702 2990 2867 3043 αὐτὸν
2913 2987 3212 3061 εἰρῆσθαι),
3243 2986 3331 3040 διὰ
3372 2984 3572 3051 ταῦτα,
3611 2983 3709 3036 νῦν

2120 3084 2219 3155 μὲν
2254 3085 2522 3154 ἐπάρατος
2548 3080 2619 3148 εί,
2644 3082 2744 3152 τῆς
2768 3082 2961 3152 κοινῆς
2985 3080 3155 3151 τύχης
3187 3081 3281 3133 ἐπὶ
3303 3078 3568 3132 τάναντία
3595 3094 3713 3131 πει-

2120 3175 2382 3244 ρώμενος.
2412 3176 2670 3244 Εὑτυχείς
2698 3173 2807 3242 γὰρ
2831 3175 2892 3226 ὲν
2922 3171 3213 3243 ἀτυχοῦσιν
3233 3188 3247 3203 η
3277 3170 3389 3239 ἐγὼ
3424 3170 3482 3222 δὲ
3510 3172 3578 3239 τῇ
3613 3169 3710 3222 7:6—

2118 3266 2200 3320 λει
2234 3266 2536 3337 συνατυχῶ.
2577 3264 2715 3319 Ἴσθι
2749 3264 2930 3335 μέντοι
2966 3263 3171 3331 σαφῶς,
3199 3264 3281 3316 ὅτι
3333 3259 3552 3331 φύσεώς
3589 3262 3714 3313 ἐστι

2120 3358 2307 3429 νόμος,
2334 3356 2759 3430 ἐμπεριέχεσθαι
2784 3356 2861 3427 τῷ
2892 3356 3120 3410 καθόλου
3145 3355 3213 3408 τὰ
3244 3354 3405 3424 μέρη.
3433 3354 3543 3404 Καὶ
3576 3352 3711 3405 ὅταν

2123 3446 2266 3500 πάνυ
2292 3448 2457 3510 πολὺς
2486 3446 2595 3500 ἀπὸ
2615 3446 2716 3517 τῆς
2748 3446 2843 3498 τοῦ
2876 3445 3125 3516 σώματος
3167 3444 3447 3513 συμφορᾶς
3471 3443 3501 3494 ὁ
3531 3440 3713 3509 σπλὴν

2119 3539 2353 3611 αὐξηθῇ,
2397 3541 2501 3602 ἓως
2548 3538 2649 3608 μὲν
2693 3538 2907 3607 ἀντέχει
2946 3537 3006 3589 τὸ
3034 3535 3176 3602 ὅλον,
3221 3533 3465 3587 εὐσθενεὶ
3512 3548 3577 3584 τε
3611 3530 3712 3584 καὶ

2118 3630 2419 3684 πιαίνεται·
2448 3628 2803 3701 ἀπολλυμένῳ
2837 3628 2893 3682 δὲ
2933 3626 3346 3681 συναπόλλυται.
3386 3621 3495 3676 Καὶ
3532 3623 3599 3675 σὺ
3648 3621 3707 3673 τὸ

2117 3723 2291 3794 παρὸν
2326 3719 2386 3775 εῦ
2409 3722 2715 3792 τιθέμενος,
2737 3721 2921 3790 λήσεις
2949 3721 3062 3782 τοῖς
3087 3716 3281 3771 σαυτοῦ
3311 3713 3711 3781 πολιτεύμασιν

2118 3814 2427 3886 εἱμαρμένη
2484 3815 2586 3885 τῆς
2625 3812 2883 3885 πατρίδος
2926 3828 2985 3865 τε
3017 3809 3093 3864 ὣν
3132 3809 3224 3863 καὶ
3270 3807 3487 3862 σαυτοῦ.
3523 3807 3711 3875 Μέχρι

2122 3904 2316 3958 τούτου
2350 3902 2631 3973 Λασθένης
2672 3901 2983 3972 ὠνομάζετο
3027 3898 3178 3968 φίλος
3204 3896 3498 3957 Φιλίππου,
3541 3892 3710 3963 μέχρι

2125 3994 2445 4066 προῦδωκεν
2468 3991 2748 4047 Ὄλυνθον.
2782 3992 2889 4045 Τὸν
2911 3991 2967 4044 δὲ
2995 3989 3208 4055 ἄπολιν,
3239 3986 3358 4049 πῶς
3394 3984 3541 4048 εἰκός
3586 3983 3709 4034 ἑστι

2124 4086 2375 4155 εὐτυχεῖν
2391 4102 2405 4147 ;

437 4175 519 4231 Eo
550 4189 728 4245 usque
776 4171 1079 4227 Lasthenes
1108 4170 1345 4243 Philippi
1380 4174 1595 4230 amicus
1623 4175 2029 4246 appellabatur,
2070 4174 2245 4232 donec
2272 4175 2575 4248 Olynthum
2631 4173 2893 4246 prodidit.
2925 4170 3029 4238 Qui
3092 4184 3224 4225 vero
3282 4168 3459 4238 patria
3524 4171 3705 4226 caret,

438 4269 637 4326 beatus
661 4280 783 4324 esse
816 4265 912 4337 qui
948 4266 1173 4336 potest?

863 4380 1032 4453 235
1074 4379 1407 4437 EPISTOLA
1439 4381 1598 4439 xcv.

1126 4492 1391 4564 Olympio.

515 4582 632 4655 Ego
660 4582 831 4639 Deum
868 4590 1064 4639 testem
1120 4599 1279 4652 voco,
1310 4600 1475 4655 quem
1512 4594 1564 4641 et
1591 4587 1938 4658 philosophia
1973 4598 2030 4643 et

446 4675 693 4732 amicitia
716 4682 1030 4739 veneratur,
1066 4690 1177 4743 prae
1197 4676 1543 4745 episcopatu,
1591 4692 1680 4731 me
1715 4693 1825 4732 non
1859 4692 2025 4732 unam

446 4774 686 4821 mortem
720 4766 960 4821 libenter
1008 4781 1134 4821 esse
1188 4765 1573 4821 toleraturum.
1612 4766 1717 4823 Sed
1763 4769 2024 4837 quoniam

450 4857 588 4913 mihi
643 4856 791 4914 Deus
825 4872 935 4912 non
971 4872 1095 4929 quae
1127 4866 1390 4929 peterem,
1450 4857 1549 4913 sed
1576 4873 1698 4928 quae
1726 4859 1893 4914 vellet
1925 4859 2029 4913 im-

2052 4395 2116 4456 Il

2672 4374 3016 4431 ΕΠΙΣΤΟΛΗ
3060 4373 3175 4440 ιιιεν.

2759 4489 3079 4558 Ὀλυμπίῳ.

2213 4584 2359 4654 Ἐγὼ
2405 4584 2658 4655 μάρτυρα
2701 4581 2958 4650 ποιοῦμαι
2991 4579 3142 4643 Θεὸν,
3186 4578 3245 4630 δν
3279 4575 3376 4629 καὶ
3421 4570 3710 4643 φιλοσοφία

2135 4678 2225 4732 καὶ
2254 4675 2406 4746 φιλία
2442 4673 2757 4747 πρεσϐεύει,
2780 4672 3009 4735 πολλοὺς
3042 4670 3139 4741 μὲν
3181 4669 3249 4723 ἂν
3284 4667 3550 4728 θανάτους
3587 4664 3711 4718 ἀνθ’

2133 4766 2433 4839 ίερωσύνης
2476 4766 2721 4836 εἱλόμην.
2765 4763 2873 4816 Τοῦ
2906 4761 3039 4815 Θεοῦ
3085 4760 3141 4813 δὲ
3188 4758 3578 4826 ἐπενεγκόντος
3610 4755 3708 4824 οὐχ

2130 4860 2267 4931 ὅπερ
2295 4859 2478 4930 ᾔτουν,
2531 4857 2647 4911 ἀλλ’
2674 4857 2811 4925 ὅπερ
2848 4854 3119 4921 ἐϐούλετο,
3170 4850 3404 4921 εὔχομαι
3436 4849 3530 4903 τὸν
3558 4847 3711 4917 γενό-

1656 5028 1839 5086 DION.
1898 5028 2178 5086 PETAVII
2215 5029 2450 5087 NOTE.

531 5184 644 5258 (27)
669 5186 867 5258 11de
909 5188 1190 5258 ἔγραφον.
1244 5187 1658 5258 Pentapolrtana
1691 5186 1991 5258 provincia
2014 5225 2030 5249 ,

460 5265 520 5310 ut
543 5254 598 5310 et
620 5254 814 5327 Libya,
844 5254 983 5327 subj
1012 5254 1334 5326 Augustalis
1399 5254 1643 5327 praefecti
1674 5254 2037 5327 dispositione

465 5325 738 5395 perpetuo
779 5325 899 5379 fuit.
954 5326 1058 5381 Sed
1098 5325 1174 5381 rei
1218 5325 1470 5381 militaris
1495 5328 1900 5395 administratio
1930 5325 2033 5378 alia

461 5396 799 5465 temporibus
824 5397 946 5450 aliis
991 5396 1161 5452 fuisse
1188 5395 1426 5451 videtur.
1458 5394 1894 5465 Namprincipio
1925 5396 2037 5449 dux

463 5466 606 5520 idem
652 5464 835 5534 Libya;
856 5466 1161 5531 civitatum,
1184 5467 1274 5534 qui
1305 5464 1746 5529 «Alexandriae,
1769 5464 2042 5534 militibus

467 5481 606 5520 mem
652 5481 754 5520 LII)
789 5481 835 5519 aa
856 5481 1161 5531 curuatum,
1184 5481 1274 5534 qui
1305 5481 1360 5520 et
1382 5481 1746 5529 Alexandriae,
1769 5481 2037 5519 nnnunus

467 5545 714 5605 praeerat.
749 5481 941 5590 ἔθειρα
991 5535 1173 5660 Libj'a:
1205 5551 1340 5590 suus
1405 5536 1627 5605 quidam
1658 5537 1895 5613 militum
1926 5533 2037 5587 dux

467 5613 550 5659 est
579 5606 909 5660 attributus:
966 5622 1075 5660 nuo
1172 5612 1396 5660 orooter
1442 5606 1780 5660 intrrucntes.
1809 5619 2028 5660 omnor.

464 5613 550 5659 est
579 5606 909 5670 attributus;
966 5606 1113 5675 quod
1172 5612 1396 5675 propter
1442 5606 2028 5675 ingrucntes,_0pinor,

467 5684 504 5730 ο
528 5675 708 5731 vicino
751 5673 1037 5745 barbaros,
1065 5673 1403 5735 maturandae
1442 5684 1601 5730 erant
1630 5673 2030 5751 expeditiones.

2131 5183 2271 5239 Tum
2298 5200 2430 5240 vero
2450 5183 2692 5240 deterior
2717 5197 2842 5238 esse
2869 5182 3038 5251 carpit
3059 5180 3294 5251 militum
3310 5179 3585 5251 conditio,
3606 5197 3716 5250 quo

2134 5257 2204 5307 ab
2236 5256 2431 5309 minori
2481 5263 2536 5307 et
2563 5252 2907 5308 imbecilliori
2960 5249 3105 5305 'duce
3139 5250 3490 5319 regebantur.
3528 5249 3717 5317 itaque

2135 5322 2401 5395 Synesius
2430 5326 2719 5395 pristinum
2763 5336 2969 5395 morem
3018 5322 3386 5395 revocandum
3418 5335 3712 5395 esse_cen-

2133 5389 2339 5459 δύεται,
2388 5389 2478 5449 cui
2524 5394 2738 5449 obstitit
2788 5390 2991 5447 Julius.
3038 5389 3163 5443 Ilaec
3210 5400 3297 5443 est
3344 5390 3611 5457 ἡγεμονία
3662 5397 3711 5439 et

2134 5464 2457 5535 στρατηγία,
2476 5463 2554 5535 _de
2585 5478 2694 5533 qua
2735 5462 2823 5535 hic
2869 5460 3093 5535 agitur._
3118 5459 3254 5535 Nam
3291 5469 3513 5535 praetel;
3542 5460 3713 5523 Augu-

2136 5526 2691 5603 stalem'przel'ectmn,
2727 5533 2819 5603 qui
2854 5526 3199 5603 Alexandriae
3228 5526 3415 5603 ac’toti
3447 5526 3709 5595 Egypto,

2138 5599 2414 5674 Libyaafet
2461 5602 2743 5671 Pentapoli
2782 5608 3039 5669 praeerat,
3086 5599 3297 5657 militia:
3330 5599 3505 5665 duces
3534 5604 3712 5667 erant,

2141 5674 2237 5744 qui
2249 5673 2253 5674 “
2265 5673 2516 5730 bellicam
2541 5688 2654 5729 rem
2686 5675 2967 5743 gerebant.
