3838 6236
176 263 329 323 ιωδ

1351 267 1734 325 armum.
1783 297 1843 309 -
1883 267 2103 326 msr.
2144 239 2354 328 xcvnl

3291 274 3443 334 me

180 400 350 457 μενον
377 382 547 454 νομέα
577 382 673 438 τοῦ
716 382 854 453 βίον,
893 384 1146 452 γενεσθαι
1181 386 1274 439 καὶ
1308 386 1405 441 τοῦ
1434 387 1758 460 νεμηθέντος

1869 389 2095 458 posuit;
2152 388 2309 443 illum
2356 388 2538 458 ipsum
2583 402 2798 459 precor,
2834 389 2929 460 qui
2982 391 3115 447 mibi
3152 392 3433 463 ejusmodi

178 476 529 549 προστάτην*
561 476 637 539 ὼς
673 476 748 547 μὴ
775 477 1006 546 φανῆναί
1038 494 1129 549 μοι
1158 478 1220 531 τὸ
1256 480 1489 549 πρᾶγμα
1540 479 1755 547 φιλοσοο

178 569 314 639 φίας
344 569 630 635 ἀπόϐασιν,
652 569 765 623 ἀλλ’
794 571 872 633 είς
906 571 1076 642 αὐτὴν
1104 570 1460 625 ἐπανάϐασιν.
1498 571 1645 634 Τέως
1676 570 1753 637 δὲ,

178 661 372 730 ὥσπερ
398 659 451 713 εί
473 677 526 713 τι
557 678 645 731 μοι
672 663 778 714 τῶν
808 662 977 733 ἡδέων
1011 661 1437 726 συνεπεπτώκει,
1467 661 1758 716 ἐκοινωσά-

180 769 293 820 μην
322 752 386 804 ἄν
415 768 495 804 σοι
516 754 581 823 τῇ
610 754 833 806 πάντων
854 753 1079 824 φιλτάτῃ
1105 770 1193 824 μοι
1224 753 1467 823 κεφαλῇ·
1493 752 1636 806 οὓτω
1663 752 1757 806 καὶ

178 843 292 895 τῶν
323 843 596 915 δυσχερῶν
614 848 691 908 είς
714 844 771 897 σὲ
799 846 1019 914 παραπέ
1029 863 1158 914 μπω
1184 846 1282 916 τὴν
1307 845 1494 915 ἀκοὴν,
1520 846 1607 899 ἵνα
1632 860 1757 899 συν-

177 935 365 1003 ἀχθοιό
414 954 492 999 τε,
537 938 629 990 καὶ
662 938 713 990 εἴ
754 955 804 991 τι
854 938 1042 991 δύναιο
1085 938 1221 1009 πρὸς
1272 937 1369 1009 τὴν
1402 938 1543 1008 ἐμὴν
1596 936 1757 1005 φύσιν

176 1026 241 1075 τὸ
290 1027 519 1097 πρᾶγμα
566 1026 843 1091 ἐξετάσας,
895 1030 1216 1099 εἰσηγήσαιο
1257 1029 1502 1099 γνώμην,
1537 1029 1566 1081 ὅ
1594 1028 1646 1083 τί
1688 1046 1756 1099 με

177 1114 363 1185 δεήσει
390 1119 578 1170 ποιεῖν.
604 1117 717 1170 Νῦν
739 1117 845 1188 γὰρ
872 1118 981 1186 ἐγὼ
1002 1118 1283 1190 πόρρωθεν
1303 1118 1445 1172 οὓτω
1469 1117 1758 1188 διαπειρῶ-

180 1221 285 1273 μαι
313 1205 406 1257 τοῦ
437 1205 779 1275 πράγματος,
808 1208 883 1272 ὡς
911 1208 1136 1278 ἕϐδομον
1160 1209 1260 1280 ἢδη
1295 1209 1439 1279 μῆνα
1468 1208 1756 1278 γενόμενος

178 1296 241 1348 ἐν
268 1294 346 1364 τῷ
375 1295 551 1367 δεινῷ,
589 1297 807 1368 μακρὰν
845 1298 1107 1369 ἀποδημῶ
1134 1298 1241 1352 τῶν
1290 1297 1592 1368 ἀνθρώπων
1622 1300 1754 1368 παρ’

178 1380 263 1448 οἷς
305 1387 612 1457 ἱεράσομαι,
642 1388 746 1451 ἓως
779 1390 845 1442 ἂν
882 1389 1124 1460 ἀκριϐῶς
1163 1390 1345 1443 ὁποῖόν
1384 1390 1514 1443 ποτέ
1543 1391 1658 1443 ἐστι
1686 1390 1754 1460 τῇ

180 1478 343 1546 φύσει
378 1481 714 1551 κατανοήσω.
745 1478 861 1535 Κᾶν
890 1481 989 1550 μὲν
1018 1483 1231 1552 ἐγχωρῇ
1276 1480 1413 1551 μετὰ
1441 1480 1755 1550 φιλοσοφίας

178 1573 413 1640 πρᾶγμα
441 1572 744 1641 ἐργάσομαι
770 1590 782 1602 ·
824 1572 873 1623 εἰ
905 1570 961 1624 δὲ
991 1571 1201 1624 ἀλλοῖόν
1232 1572 1400 1635 ἐστιν,
1429 1571 1462 1640 ἢ
1492 1571 1631 1625 κατά
1656 1569 1756 1638 τὴν

178 1662 320 1733 ἐμὴν
350 1663 571 1733 ἀγωγήν
598 1679 657 1715 τε
702 1662 797 1716 καὶ⁵
819 1663 1161 1734 προαίρεσιν,
1187 1663 1239 1716 τί
1262 1662 1410 1727 ἀλλο,
1439 1661 1476 1732 ἢ
1495 1661 1593 1733 τὴν
1622 1662 1752 1715 εὐθὺ

178 1754 283 1824 τῆς
329 1753 545 1823 κλεινῆς
582 1754 830 1818 Ἑλλάδος
874 1754 1161 1807 ἀποπλέων
1193 1755 1522 1826 οίχήσομαι;
1566 1756 1753 1808 ’Δπει-

179 1846 411 1915 παμένῳ
434 1846 543 1916 γὰρ
586 1846 685 1917 τὴν
732 1845 1051 1917 ἱερωσύνην,
1098 1847 1472 1916 ἀπογνωστέον
1500 1846 1616 1900 ἐστὶ
1660 1847 1756 1901 καὶ

177 1937 282 2006 τῆς
308 1939 582 2008 πατρίδος,
611 1939 661 1990 εί
694 1939 767 2009 μή
811 1956 879 2008 με
914 1939 993 1991 δεῖ
1020 1939 1237 1993 πάντων
1263 1939 1588 2009 ἀτιμότατον
1615 1934 1756 1993 εἶναι

180 2031 278 2083 καὶ
329 2031 752 2102 ἐπαρατότατον,
781 2031 839 2084 ἐν
886 2030 1026 2102 ὄχλῳ
1081 2031 1380 2103 μισούντων
1422 2031 1759 2104 ἀναστρεφό-

182 2136 365 2193 μενον.

1783 1729 1831 1784 Β

1859 480 1983 535 vitae
2002 479 2294 535 attributor
2319 481 2552 545 exstitit,
2582 495 2704 538 esse
2735 489 2791 537 et
2816 483 2959 552 ejus,
2982 482 3129 553 quod
3152 486 3432 549 attribuit,

1860 571 2257 625 moderatorem
2295 586 2359 626 ac
2408 581 2700 642 patronum
2734 592 2748 628 :
2790 590 2859 629 ne
2897 575 3029 629 mihi
3066 591 3155 632 res
3195 578 3298 631 ista
3331 578 3432 632 de-

1864 676 2094 717 scensus
2118 676 2152 716 a
2184 662 2557 733 philosophia,
2587 665 2681 720 sed
2710 664 2781 719 ad
2829 666 2978 720 illam
3016 681 3280 723 ascensus
3308 684 3435 723 esse

1856 754 2133 810 videatur.
2185 754 2405 810 Interim
2467 771 2621 821 vero,
2668 758 3128 827 quemadmodum
3197 758 3242 812 si
3298 758 3432 827 quid

1858 845 1991 899 mihi
2030 861 2097 901 ex
2128 847 2294 901 animi
2347 848 2618 902 sententia
2664 849 3021 920 contigisset,
3057 847 3155 902 tibi
3187 850 3429 904 omnium

1857 934 2193 992 amicissimo
2210 938 2342 992 mihi
2358 939 2879 1006 communicassent;
2904 939 2985 994 sic
3001 940 3429 1003 etmolestorum

1859 1028 1925 1082 ad
1960 1035 2015 1083 te
2044 1029 2417 1084 narrationem
2444 1029 2781 1094 transmitte,
2801 1030 2881 1085 uti
2914 1040 2969 1085 et
3009 1030 3305 1085 condolcas
3333 1031 3433 1083 mi.-

1857 1119 1935 1183 hi,
1964 1128 2019 1176 et
2048 1121 2095 1176 si
2117 1122 2247 1192 quid
2282 1123 2487 1192 possis,
2517 1138 2576 1178 re
2599 1123 2665 1177 ad
2702 1124 2981 1193 ingenium
3015 1138 3195 1177 meum
3231 1138 3439 1193 expen-

1856 1227 1941 1274 sa,
1967 1214 2293 1270 sententiam
2319 1225 2468 1268 tuam
2498 1214 2565 1269 de
2580 1228 2646 1269 eo
2678 1214 2952 1284 proferas,
2977 1213 3109 1284 quid
3139 1228 3225 1268 me
3247 1212 3433 1267 facere

1855 1312 2125 1372 oporteat.
2158 1304 2273 1374 Ego
2297 1304 2445 1361 enim
2481 1305 2619 1359 adeo
2643 1320 2789 1358 nunc
2819 1319 2850 1359 e
2876 1304 3174 1375 longinquo
3211 1304 3290 1359 rei
3339 1318 3431 1372 pe-

1857 1392 2095 1447 riculum
2151 1390 2329 1456 facio,
2380 1400 2440 1446 ut
2494 1407 2622 1447 cum
2677 1392 2970 1463 septimum
3029 1392 3143 1462 jam
3184 1406 3437 1446 mensem

1854 1484 2147 1540 molestum
2183 1492 2238 1539 et
2268 1483 2507 1540 invisum
2569 1499 2772 1541 munus
2803 1486 3087 1555 ingressus
3116 1483 3220 1538 sim
3245 1525 3261 1547 ,
3302 1498 3429 1553 pro-

1854 1575 1945 1633 cul
1973 1576 2163 1644 degam
2206 1577 2278 1632 ab
2315 1576 2384 1632 iis
2432 1576 2575 1647 apud
2600 1591 2742 1647 quos
2772 1578 3066 1647 episcopus
3093 1590 3215 1632 esse
3230 1574 3429 1641 debeo:

1855 1667 2030 1722 donec
2064 1682 2187 1737 qua:
2225 1667 2348 1736 ejus
2388 1666 2467 1721 rei
2505 1675 2702 1722 natura
2756 1668 2849 1730 sit,
2892 1675 3148 1722 accurate
3187 1666 3431 1736 penitus-

1854 1774 1963 1829 que
2007 1758 2317 1814 didicerim.
2350 1758 2508 1825 Quod
2540 1758 2585 1813 si
2616 1773 2725 1813 una
2758 1773 2883 1813 cum
2910 1757 3254 1828 Philosophia
3289 1756 3433 1810 face-

1852 1863 1913 1903 re
1938 1848 2091 1903 istud
2129 1848 2311 1913 liceat,
2380 1864 2501 1905 eam
2533 1849 2701 1904 obibo
2735 1848 3096 1904 functionem.
3140 1847 3238 1902 Sin
3257 1857 3343 1902 es:
3370 1855 3433 1901 ut

1851 1940 2151 1996 abhorreat
2193 1941 2264 1997 ab
2320 1941 2667 1997 institutione
2717 1942 3016 2012 animoque
3045 1948 3265 2004 nostro,
3296 1937 3439 2009 quid

1850 2030 1998 2086 aliud
2022 2046 2189 2102 quam
2245 2040 2392 2088 recta
2420 2032 2474 2087 in
2508 2030 2921 2086 celeberrimam
2951 2028 3218 2085 Graeciam
3276 2028 3433 2083 navi-

1851 2138 1989 2195 gans
2014 2123 2370 2193 demigrabo?
2390 2122 2601 2178 Etenim
2636 2123 2802 2178 simul
2821 2122 3201 2194 episcOpatum
3245 2120 3436 2188 eiura-

180 2226 331 2276 vero,
362 2209 734 2281 desperandus
767 2209 897 2264 mihi
932 2209 1124 2279 patriae
1166 2217 1500 2279 conspectus
1528 2216 1653 2277 est,
1678 2209 1787 2268 nisi
1826 2226 1918 2268 me
1960 2213 2207 2268 omnium
2248 2214 2797 2273 inbonoratissimum
2828 2221 2885 2271 et
2921 2210 3441 2271 exsecratissimum

179 2315 305 2358 esse
330 2309 599 2371 oporteat,
644 2301 697 2355 in
731 2316 920 2356 eorum
951 2301 1108 2355 turba
1143 2301 1347 2370 quibus
1376 2315 1498 2356 sum
1539 2315 1762 2370 exosus,
1801 2304 2025 2363 assidue
2050 2314 2382 2362 versantem.

703 2393 1046 2446 Bnlsrom
1085 2390 1214 2459 μετ’.

815 2481 905 2548 Τῷ
940 2482 1119 2547 αὐτῷ.

252 2573 362 2644 Τὴν
403 2573 691 2646 ἐπιστολὴν
737 2574 1145 2642 ἀναγινώσκων,
1181 2576 1238 2627 ἐν
1352 2573 1595 2645 διηγήσω
1624 2573 1756 2645 περὶ

179 2666 279 2735 τῆς
302 2667 634 2738 ἀρρωστίας,
662 2666 757 2720 καὶ
799 2666 1071 2738 ἐφοϐήθην
1097 2666 1417 2737 ἀρχόμενος,
1449 2664 1544 2720 καὶ⁸
1586 2664 1757 2719 παυό-

185 2774 342 2826 μενος
380 2757 750 2829 ἀνεθάρρησα..
797 2758 1125 2829 Ἀπειλήσας
1152 2759 1263 2829 γὰρ
1289 2758 1551 2822 κίνδυνον,
1590 2758 1753 2827 εὐηγ-

180 2850 378 2916 γελίσω
407 2850 476 2905 τά
496 2850 686 2922 λῴονα.
716 2852 852 2922 Περὶ
876 2845 949 2906 ὧν
977 2851 1034 2905 δὲ
1059 2851 1268 2922 ᾔτησας
1291 2849 1606 2920 πεμφθῆναι
1630 2848 1763 2919 παρ’

182 2942 392 3014 ἡμῶνῆ
418 2943 770 3014 κομισθῆναι,
790 2942 862 2995 τὰ
880 2941 1085 2995 δυνατά
1109 2942 1287 2995 πάντα
1312 2940 1529 3003 πάντως
1558 2939 1592 3010 ἢ
1627 2955 1762 3007 πεμ-

182 3035 465 3105 φθήσεται,
494 3036 529 3106 ἢ
560 3036 968 3107 κομισθήσεται.
996 3034 1132 3088 Τίνα
1160 3034 1216 3087 δὲ
1240 3034 1421 3088 αὐτῶν
1447 3033 1515 3087 τὰ
1535 3031 1759 3091 δυνατὰ,

2349 2395 2687 2454 EPISTOLA
2716 2396 2899 2456 XCVI.

2534 2488 2742 2543 Eidem.

1927 2577 2064 2634 Cum
2100 2579 2389 2650 epistolam
2412 2579 2671 2650 legerem,
2703 2579 2759 2634 in
2784 2591 2892 2641 qua
2919 2575 3294 2647 aegritudinem
3338 2588 3433 2627 es-

1858 2669 2102 2739 ponebas
2136 2679 2309 2735 tuam,
2337 2679 2392 2724 et
2428 2668 2587 2724 initio
2618 2668 2828 2722 veritus
2863 2681 3008 2732 sum,
3067 2674 3122 2719 et
3154 2672 3434 2735 postremo

1860 2762 2105 2816 animum
2147 2760 2442 2831 resumpsi.
2477 2758 2771 2828 Postquam
2802 2757 2947 2812 enim
2980 2754 3287 2826 periculum
3326 2751 3434 2807 lni-

1857 2863 2022 2909 natus
2047 2869 2131 2919 es,
2152 2853 2374 2908 meliora
2406 2858 2596 2923 postea
2633 2848 2977 2919 significasti.
2997 2846 3072 2903 De
3099 2844 3303 2917 quibus
3333 2857 3432 2898 ve—

1858 2958 1922 2997 ro
1942 2944 2208 3014 postulas,
2229 2952 2287 2997 ut
2312 2959 2341 2996 a
2365 2943 2521 2997 nobis
2542 2951 2635 2995 aut
2654 2940 2939 2994 mittantur
2954 2946 3047 2992 aut
3066 2937 3437 3007 perferantur,

1867 3049 2202 3104 quaecunque
2225 3035 2280 3088 in
2307 3042 2493 3089 nostra
2513 3042 2677 3088 erunt
2701 3039 2989 3102 potestate,
3021 3028 3203 3084 omnia
3249 3026 3442 3095 utique

182 3129 275 3184 καὶ
305 3128 374 3181 τὰ
421 3128 495 3199 μὴ
537 3126 771 3191 δυνατὰ,
820 3127 1072 3199 περιττὸν
1116 3126 1368 3197 γράφειν.
1402 3126 1548 3195 Αύτή
1578 3125 1686 3193 γὰρ
1723 3123 1758 3193 ἡ

1863 3127 2148 3181 mittentur
2171 3133 2266 3179 aut
2291 3124 2654 3195 perferentur.
2679 3121 2853 3178 Porro
2877 3134 3000 3191 qua:
3029 3121 3084 3173 in
3107 3125 3296 3173 nostra
3324 3117 3439 3171 sint

179 3219 325 3282 δόσις
366 3218 637 3284 ἐπιδείξει.
682 3219 1041 3290 Ἐρῤωμένως
1073 3219 1167 3272 καὶ
1194 3217 1465 3286 εὐδαίμων
1492 3216 1755 3285 διαϐιῲης

181 3310 300 3380 Θεῷ
336 3311 749 3382 κεχαρισμένος,
783 3312 964 3381 ἑταῖρε
1013 3309 1325 3381 τριπόθητε.
1355 3308 1567 3361 Γένοιτο
1609 3308 1755 3377 ἡμᾶς

183 3403 277 3455 καὶ
329 3401 706 3473 συμμίξαντας
729 3403 971 3474 ἀλλήλων
1009 3398 1164 3465 αὖθις
1195 3399 1521 3463 ἀπολαῦσαι,
1550 3399 1643 3453 καὶ
1679 3398 1753 3468 μὴ

181 3491 526 3561 προεξέλθοις
550 3494 677 3563 πρὶν
709 3492 775 3546 ἂν
806 3492 1054 3562 ἀλλήλοις
1091 3492 1419 3562 ἐντύχωμεν.
1449 3491 1510 3543 Εἰ
1536 3490 1591 3542 δὲ
1622 3488 1755 3552 Θεδς

182 3581 319 3653 ἄλλῃ
359 3600 434 3653 πη
477 3582 843 3652 βεϐούλευται,
880 3585 944 3637 σὺ
974 3583 1032 3637 δὲ
1072 3584 1167 3636 καὶ
1202 3582 1447 3636 ἀπόντων
1470 3579 1625 3651 ἡμῶν
1657 3581 1755 3649 μέ-

186 3690 377 3744 μνησο.
428 3674 669 3728 Βελτίοσι
702 3674 802 3744 μὲν
828 3674 938 3745 γὰρ
967 3673 1217 3728 Συνεσίου
1250 3671 1471 3743 ἐντεύξῃ
1510 3671 1753 3735 πολλοῖς·

184 3765 395 3836 φιλοῦσι
426 3767 482 3820 δὲ
510 3767 742 3839 μᾶλλον,
773 3767 873 3822 οὐκ
905 3768 973 3821 ἃν
1002 3766 1180 3829 ἄλλοις
1207 3764 1471 3835 ἐντύχοις.

723 4044 1068 4099 ΕΠΙΣΤΟΛΗ
1101 4040 1213 4111 μιν.

821 4140 865 4189 Τ
858 4134 904 4201 ᾧ
940 4134 1119 4201 αὐτῷ.

257 4229 381 4295 Πῶς
408 4231 509 4284 οἴει
548 4247 616 4301 με
652 4229 890 4299 διψῶντα
918 4231 1040 4291 ταῖς
1068 4227 1313 4296 ἡδίσταις
1338 4221 1647 4287 ἐπιστολαῖς
1673 4225 1761 4277 ὲν-

184 4319 573 4391 τετυχηκέναι;
600 4321 736 4392 Περὶ
764 4323 890 4374 ποῖα
921 4320 977 4373 δὲ
1010 4319 1151 4390 μέρη
1180 4317 1286 4372 τῶν
1312 4314 1610 4370 ἐπιστολῶν
1638 4314 1761 4385 οὐχὶ

1856 3224 2124 3287 potestate
2156 3232 2345 3286 quzeve
2384 3231 2491 3270 non
2522 3215 2651 3281 sint,
2692 3213 2932 3269 scribere
2965 3221 3433 3281 supervacaneum

1855 3320 1959 3365 est.
1984 3309 2038 3363 ld
2060 3308 2204 3362 enim
2237 3306 2463 3362 donatio
2482 3306 2598 3375 ipsa
2622 3303 2965 3360 monstrabit.
2992 3300 3175 3355 Sanus
3199 3298 3442 3367 felixque

1855 3411 2116 3471 perpetuo
2140 3400 2311 3463 vivas,
2350 3398 2572 3469 Deoqne
2607 3404 2884 3466 acceptus,
2910 3410 2945 3450 ο
2972 3392 3177 3450 sodalis
3206 3389 3441 3462 Optatis-

1856 3491 2019 3546 sime!
2047 3492 2109 3545 Et
2126 3492 2331 3545 utinam
2354 3487 2645 3559 aliquando
2669 3495 2858 3541 mutua
2882 3481 3277 3540 consuetudine
3302 3494 3438 3551 gau-

1857 3585 2050 3639 dentes
2091 3583 2322 3636 invicem
2365 3580 2473 3635 frui
2521 3580 2714 3641 Iiceat,
2754 3593 2854 3633 nec
2895 3585 2954 3631 tu
2995 3583 3123 3629 ante
3180 3570 3435 3628 discedas

1856 3691 2017 3745 quam
2045 3674 2204 3744 237
2237 3688 2338 3728 nos
2366 3672 2503 3727 inter
2537 3686 2637 3726 nos
2656 3667 2991 3725 viderimus!
3019 3664 3116 3720 Sin
3147 3661 3292 3718 aliud
3328 3660 3447 3716 Deo

1856 3768 2034 3822 visum
2057 3766 2238 3829 fuerit,
2258 3775 2313 3818 tu
2330 3779 2458 3818 vero
2477 3764 2645 3818 etiam
2662 3760 2904 3815 absentis
2922 3757 3093 3812 nostri
3120 3754 3438 3810 recordare.

1858 3858 2070 3914 Etenim
2110 3857 2362 3910 meliores
2385 3853 2615 3925 Synesio
2645 3851 2843 3905 multos
2880 3847 3161 3913 invenies;
3185 3844 3279 3915 qui
3310 3857 3443 3898 vero

1860 3948 2160 4020 impensius
2179 3946 2433 4017 diligant.
2479 3960 2588 3999 non
2617 3942 2774 3997 facile
2802 3941 3007 3995 multos
3032 3937 3305 3993 invenies.

2360 4032 2697 4090 EPISTOIA
2723 4030 2939 4088 XCVII.

2549 4125 2758 4181 Eidem.

1931 4223 2103 4291 Quam
2134 4237 2221 4278 me
2239 4229 2399 4292 putas
2424 4219 2701 4274 sitientem
2724 4217 3083 4272 suavissimas
3116 4212 3324 4282 legisse
3348 4209 3440 4263 lit-

1861 4321 2007 4369 teras
2033 4314 2190 4368 tuas?
2219 4311 2393 4377 Quam
2436 4309 2672 4380 porroin
2707 4320 2902 4361 earum
2932 4310 3141 4373 partem
3167 4315 3278 4355 non
3318 4298 3443 4351 ani-

187 4412 335 4483 πάσῃ
360 4412 677 4483 διαχυθῆναι
704 4416 769 4484 τῇ
794 4413 974 4482 ψυχῇς
1023 4411 1141 4479 Ἀφ’
1165 4402 1240 4463 ὧν
1262 4404 1424 4479 ἦλθον
1452 4409 1532 4471 εἰς
1566 4406 1758 4461 πολλα-

1862 4420 2012 4460 mum
2085 4418 2303 4459 omnem
2358 4399 2652 4456 effudisse?
2710 4399 2784 4452 Ex
2824 4396 3025 4466 quibus
3083 4393 3255 4448 variis
3318 4404 3441 4447 sum

186 4506 417 4559 πλασίαν
440 4505 698 4571 διάθεσιν,
728 4508 821 4558 καὶ
847 4507 947 4558 οὐκ
975 4506 1055 4568 είς
1095 4502 1312 4575 μακρὰν
1345 4501 1629 4574 προσδοκῶ
1660 4500 1758 4571 τὴν

199 4596 601 4667 Ἀλεξάνδρειαν
647 4596 877 4665 ἔχουσαν
906 4596 987 4648 ἔτι
1019 4596 1116 4666 τὴν
1161 4596 1322 4666 φίλην
1350 4592 1590 4663 κεφαλὴν
1630 4591 1760 4660 ὅψε-

188 4690 330 4742 σθαι.
368 4689 475 4742 Καὶ
503 4690 586 4756 ἐφ’
623 4681 704 4750 οἷς
746 4687 853 4758 γὰρ
884 4687 1172 4740 Σεκοῦνδον
1202 4682 1260 4739 εὖ
1285 4686 1566 4755 ἐποίησας,
1609 4684 1761 4754 ἡμᾶς

189 4780 455 4849 ἐτίμησας
473 4792 488 4808 ·
514 4780 607 4832 καὶ
634 4779 720 4848 ἐφ’
747 4774 827 4842 οἷς
850 4778 991 4831 οὕτω
1015 4780 1241 4849 γράφων
1267 4778 1452 4847 τιμᾷς,
1480 4775 1762 4845 ἐξηρτήσω

190 4871 408 4931 σαυτοῦ,
459 4872 552 4923 καὶ
588 4870 849 4939 ἐποίησας
899 4866 1039 4923 εἶναι
1094 4869 1260 4932 σούςο
1306 4870 1437 4939 παρ’
1483 4866 1607 4919 ὅσον
1652 4862 1761 4916 τῶν

187 4961 360 5031 χαμαὶ
383 4961 692 5032 ἐρχομένων
719 4962 996 5025 δντες,ούκ
1018 4959 1449 5031 ἐπιγινώσκομεν
1465 4958 1564 5030 τὴν
1582 4956 1762 5020 ἀξίαν,

186 5055 345 5125 διπλῇ
382 5055 703 5125 τιμώμενοι,
731 5053 929 5125 καὶτῷ
977 5053 1193 5125 μεγέθει
1230 5053 1340 5106 τῶν
1382 5050 1762 5121 γραφομένων,

188 5147 281 5199 καὶ
301 5149 366 5217 τῇ
399 5146 601 5217 σπουδῇ
645 5146 752 5199 τῶν
782 5145 1108 5215 γενομένων.
1152 5144 1242 5214 Τῷ
1281 5144 1512 5212 δεσπότῃ
1559 5159 1660 5211 μου
1685 5139 1764 5211 τῷ

187 5238 401 5307 Κόμητι
432 5238 684 5309 γέγραφα
728 5239 824 5308 μὲν
853 5238 953 5307 ἥδη
986 5236 1245 5299 πολλάκις
1266 5252 1279 5265 ·
1311 5236 1431 5288 ἐπεὶ
1471 5234 1527 5287 δὲ
1553 5234 1611 5286 ἐν
1646 5234 1764 5295 ταῖς

188 5329 275 5381 διὰ
300 5328 394 5380 τοῦ
429 5328 614 5392 παιδὸς
662 5328 970 5392 ἐπιστολαῖς
1001 5329 1148 5398 αἰτιᾷ
1185 5327 1258 5396 μὴ
1289 5324 1599 5395 γεγραφότα
1628 5322 1764 5393 πρὸς

188 5419 369 5481 αὑτὸν,
397 5419 642 5489 ἐπέθηκα
665 5420 757 5471 καὶ
785 5418 862 5489 τῷ
888 5420 1123 5491 δεσπότῃ
1164 5435 1265 5487 μου
1287 5417 1366 5488 τῷ
1392 5415 1605 5486 ἀδελφῷ
1630 5416 1765 5486 πρὸς

186 5512 347 5564 αὐτὸν
376 5513 699 5582 γράμματα.
738 5511 1080 5583 Ἐῥρωμένος
1112 5511 1206 5563 καὶ
1240 5509 1571 5580 εὐδαιμονῶν
1591 5508 1767 5562 διατέ-

188 5602 268 5655 λει
290 5601 607 5671 φιλοσοφίας
635 5586 772 5673 ἔχων
800 5602 1076 5673 φροντίδα,
1099 5602 1197 5673 ὅση
1224 5601 1491 5670 προσήκει
1524 5597 1604 5668 τῷ
1627 5597 1768 5669 μετά

189 5694 348 5749 θείων
382 5694 600 5766 ἐρώτων
625 5695 887 5766 ἡργμένῳ
917 5694 1140 5766 ταύτης.
1182 5693 1315 5757 Ἀπὸ
1337 5693 1435 5765 τῆς
1465 5691 1651 5765 κλίνης
1684 5708 1765 5745 σοι

1862 4498 2039 4554 modis
2078 4496 2352 4560 affectus;
2396 4507 2497 4547 nec
2536 4494 2699 4560 longo
2723 4496 2846 4560 post
2880 4494 3126 4555 tempore
3162 4499 3324 4554 spero
3351 4497 3441 4537 me

1860 4586 2247 4643 Alexandriam
2291 4584 2526 4638 amicum
2566 4581 2744 4636 adhuc
2767 4578 2900 4633 mihi
2944 4577 3232 4631 habentem
3274 4581 3440 4643 caput

1861 4696 1983 4738 esse
2018 4679 2291 4734 visurum.
2332 4674 2466 4729 Nam
2507 4675 2652 4743 quod
2694 4681 2751 4725 tu
2794 4672 2861 4725 de
2897 4668 3153 4723 Secundo
3192 4667 3334 4722 bene
3372 4680 3436 4721 es

1861 4773 2110 4838 meritus,
2146 4786 2209 4827 ea
2228 4785 2288 4824 re
2318 4768 2448 4823 mihi
2474 4767 2736 4822 honorem
2770 4762 3034 4823 tribuisti,
3059 4768 3114 4816 et
3139 4758 3283 4829 quod
3308 4757 3450 4812 adeo

1863 4862 2167 4917 honorifice
2205 4858 2420 4921 scribis,
2468 4871 2556 4911 me
2591 4854 2687 4909 tibi
2728 4851 2947 4919 penitus
2992 4849 3338 4910 devinctum,
3378 4860 3444 4899 ac

1864 4961 2020 5009 tuum
2046 4950 2356 5015 reddidisti,
2388 4942 2838 5017 quandoquidem
2876 4941 3026 4995 humi
3059 4955 3165 4996 nos
3190 4946 3449 5009 repentes

1863 5053 2031 5099 tanta:
2054 5043 2135 5098 rei
2174 5042 2431 5097 meritum
2463 5052 2572 5093 non
2630 5032 3009 5104 agnoscimus,
3043 5046 3171 5087 cum
3208 5029 3443 5099 duplici-

1864 5144 1948 5192 ter
1977 5136 2337 5196 honoramur,
2367 5140 2424 5186 et
2450 5144 2645 5186 eorum
2668 5142 2791 5198 qua:
2823 5124 3148 5181 scribuntur
3173 5123 3443 5193 magnitu-

1865 5229 2014 5292 dine,
2035 5237 2297 5283 eteorum
2325 5239 2447 5295 qua:
2485 5222 2624 5275 facta
2655 5227 2785 5276 sunt
2810 5217 2994 5273 studio
3031 5230 3098 5271 ac
3136 5215 3441 5286 diligentia.

1866 5321 2099 5376 Domino
2128 5334 2248 5374 meo
2276 5316 2474 5373 Comiti
2496 5312 2695 5385 scripsi
2734 5310 2955 5382 quidem
2992 5316 3049 5365 st
3087 5308 3224 5362 alias
3263 5320 3441 5373 saepe;

1867 5414 1964 5471 sed
1994 5412 2254 5483 quoniam
2292 5408 2350 5462 in
2376 5406 2580 5462 litteris
2618 5418 2760 5474 quas
2802 5416 2902 5473 per
2942 5412 3175 5472 puerum
3215 5396 3440 5459 misisti,

1867 5519 2094 5561 accusas
2126 5516 2211 5557 me
2235 5499 2380 5571 quod
2412 5498 2548 5553 nihil
2576 5497 2644 5552 ad
2674 5512 2799 5551 eum
2831 5491 3171 5564 scripserim,
3209 5486 3439 5541 domino

1869 5614 1992 5652 meo
2016 5595 2173 5650 fratri
2214 5594 2426 5648 litteras
2452 5589 2521 5645 ad
2553 5605 2680 5645 eum
2708 5588 2856 5645 dedi.
2882 5579 3176 5640 Incolumis
3210 5577 3439 5632 beatus-

1870 5700 1978 5757 que
2016 5697 2356 5758 perseveres,
2386 5680 2748 5753 philosoyhia:
2783 5685 2933 5733 tanto
2959 5670 3212 5729 addictus
3229 5664 3439 5733 studio,
