3838 6236
404 254 538 313 N67

1483 251 1751 310 SYNSEII
1792 251 2253 310 PTOLEMAIDIS
2292 251 2612 308 EPISCOPI'

3525 250 3676 309 ηδε

401 383 670 446 quantum
697 387 794 445 par
821 381 904 429 est
937 387 1062 429 eum
1098 373 1318 440 habere,
1351 377 1445 446 qui
1480 376 1654 431 divini
1683 377 1974 446 cujusdam

2085 376 2351 447 γέγραφα,
2395 375 2548 446 μόλις
2577 372 2903 443 ἀνεχόμενος
2931 373 3012 435 εἰς
3031 370 3326 440 διασκευὴν
3355 373 3464 425 τῶν
3483 389 3672 443 γραμ-

403 468 611 523 amoris
673 467 913 536 impulsu
957 467 1110 519 illam
1176 467 1440 537 attigerit.
1483 468 1524 520 E
1553 469 1752 522 lectulo
1802 468 1867 521 ad
1929 477 1982 523 te

403 559 628 628 scripsi,
668 557 736 612 ad
771 557 984 612 litteras
1023 557 1396 613 conficiendas
1430 574 1572 630 :cgre
1611 568 1976 614 sustentatus.

404 652 488 706 Tu
539 651 702 707 nobis
729 667 958 720 precare
985 653 1401 722 quamoptima,
1443 667 1566 722 qua:
1592 652 1802 706 scilicet
1838 649 1981 707 Deus

401 744 610 811 optima
667 757 790 797 esse
844 742 1196 812 judicavcrit.
1247 742 1301 797 Si
1381 743 1738 806 convaluere,
1793 743 1979 797 statim

403 833 792 890 Alexandriam
849 833 1130 902 aspirabo.

882 921 1224 980 EI‘ISTOLA
1263 922 1496 980 XCVIII.

1087 1013 1296 1069 Eidem.

477 1103 845 1176 Epistolarum
886 1121 1027 1160 nova
1070 1105 1190 1161 bam-
1226 1121 1255 1159 a
1297 1105 1459 1161 nobis
1498 1105 1637 1160 inita
1692 1105 1844 1160 ratio
1873 1115 1979 1161 est.

403 1192 523 1249 Non
553 1195 701 1250 enim
740 1211 808 1252 eo
851 1196 1048 1266 scripsi
1091 1203 1150 1248 ut
1175 1195 1326 1248 illum
1367 1194 1625 1249 amicitiae
1651 1201 1759 1249 tua:
1788 1197 1980 1250 conci-

407 1287 634 1352 liarem,
689 1300 718 1339 a
750 1301 862 1356 quo
909 1287 1017 1340 has
1048 1286 1262 1340 litteras
1298 1285 1565 1355 accipies,
1609 1285 1706 1341 scd
1762 1296 1822 1340 ut
1855 1304 1982 1342 eum

405 1380 506 1433 tibi
535 1378 780 1434 beneﬁcii
819 1380 1003 1448 potius
1039 1394 1102 1434 ac
1124 1380 1312 1450 gratiae
1350 1379 1474 1433 loco
1507 1379 1717 1444 darem,
1741 1381 1833 1450 qui
1871 1389 1979 1434 n'on

404 1467 671 1522 mediocri
719 1468 865 1535 tibi,
907 1485 971 1524 ac
1009 1484 1210 1540 magno
1245 1469 1472 1540 Diogeni
1511 1471 1724 1526 deliciis
1761 1472 1870 1526 tuis
1909 1472 1986 1526 sit

405 1560 562 1614 lucro
589 1559 830 1617 futurus.
874 1562 1062 1631 Neque
1097 1576 1228 1616 vero
1256 1577 1590 1617 succensere
1619 1571 1672 1616 te
1706 1563 1834 1616 mihi
1885 1579 1987 1633 par

405 1660 510 1716 est,
544 1653 590 1708 si
625 1669 734 1708 non
797 1670 896 1710 vos
927 1653 1237 1718 Theotimo,
1301 1653 1397 1709 sed
1430 1653 1775 1710 Theotimum
1827 1654 1979 1709 vobis

2086 469 2289 540 μάτων.
2321 462 2487 533 Εὖξαι
2511 465 2578 518 τὰ
2603 466 2800 536 ἄριστα
2828 467 2982 534 ἡμῖν,
3009 465 3150 533 ἅπερ
3177 464 3242 518 ἂν
3261 465 3290 517 ὁ
3311 463 3443 527 Θεὸς
3468 463 3672 534 ἄριστα.

2081 559 2384 628 δοκιμάσοι.
2431 559 2558 611 Ἐὰν
2608 556 2930 627 ἁνασφήλω,
2978 556 3071 608 ἐπὶ
3119 555 3217 626 τὴν
3260 554 3669 626 Ἀλεξάνδρειαν

2081 651 2242 714 εὐθὺς
2273 652 2445 721 ἵεμαι.

2623 741 2969 794 summm
3009 741 3129 807 ur.

2727 829 2812 895 Τῷ
2846 829 3026 894 αὐτῷ.

2152 925 2355 988 Καινὸς
2409 918 2562 986 οὗτος
2629 923 2830 993 τρόπος
2893 920 3269 991 ἐπιτηδεύεται
3337 926 3468 993 παρ’
3527 923 3666 993 ἐμοῦ

2081 1017 2270 1088 χρείας
2299 1015 2618 1070 ἐπιστολῶν.
2662 1013 2736 1066 Οὐ
2778 1011 2888 1083 γὰρ
2924 1013 3012 1065 ἵνα
3044 1014 3294 1084 συστήσω
3322 1017 3386 1085 τῇ
3419 1013 3573 1084 φιλίᾳ
3601 1018 3665 1084 τῇ

2083 1109 2148 1177 σῇ
2183 1107 2273 1160 τὸν
2311 1105 2614 1159 ἐπιδιδόντα
2655 1105 2755 1176 τὴν
2795 1105 3106 1176 ἐπιστολὴν,
3145 1105 3432 1175 γέγραφαο
3479 1106 3569 1158 ἵνα
3610 1105 3667 1158 δέ

2081 1215 2163 1251 σοι
2196 1198 2287 1251 τὸν
2320 1198 2488 1268 ἄνδρα
2523 1197 2857 1268 χαρίσωμαι,
2883 1197 3072 1268 κέρδος
3096 1199 3158 1250 οὺ
3191 1197 3386 1268 μικρὸν
3408 1197 3669 1265 ἐσόμενον

2082 1290 2165 1344 σοί
2223 1308 2282 1343 τε
2327 1291 2421 1344 καὶ
2459 1289 2536 1360 τῷ
2565 1289 2782 1360 μεγάλῳ
2808 1289 3046 1358 Διογένει
3076 1292 3189 1353 τοῖς
3220 1292 3330 1352 soi;
3371 1289 3664 1352 παιδικοῖς.

2081 1382 2190 1435 Καὶ
2216 1382 2290 1452 μὴ
2319 1381 2628 1452 χαλεπήνῃς
2658 1383 2706 1433 εί
2735 1380 2923 1452 κέρδος
2944 1382 3041 1450 οὐχ
3062 1381 3208 1451 ὑμᾶς
3235 1381 3501 1451 Θεοτίμῳ.
3535 1381 3671 1433 Θεό-

2079 1483 2239 1536 τιμον
2261 1467 2318 1519 δὲ
2350 1468 2480 1538 ὑμῖν
2510 1465 2646 1520 εἶναι
2666 1468 2967 1538 δοκιμάζω,
2992 1470 3082 1522 καὶ
3112 1469 3269 1537 λέγω.
3313 1469 3474 1521 Ἀλλὰ
3504 1468 3669 1523 τοῦτο

2082 1556 2225 1624 εἴγε
2273 1557 2504 1628 ποιητὴς
2537 1557 2674 1630 ἀνὴρ
2715 1559 2823 1611 τῶν
2873 1557 2968 1611 νῦν
3017 1557 3345 1621 ἐνθεώτατος
3381 1559 3668 1628 δυνάμεως

2081 1648 2284 1702 δέοιτο·
2334 1650 2615 1720 δυνάμεως
2662 1649 2718 1702 δὲ
2771 1651 2940 1703 δεῖταί
2978 1649 3091 1721 (‘28)
3138 1668 3221 1714 τις
3272 1650 3384 1723 ξγρ.
3433 1667 3521 1714 τις
3570 1650 3664 1721 ἂν]

407 1744 562 1798 lucro
586 1744 829 1799 futurum
861 1746 1060 1810 sentio,
1083 1755 1245 1816 atque
1270 1745 1414 1800 dico.
1449 1744 1557 1801 Sed
1590 1747 1694 1801 hoc
1717 1747 1976 1800 nimirum

2089 1742 2398 1813 ποιητικῆς,
2435 1743 2522 1796 ἵνα
2571 1743 2666 1796 καὶ
2705 1746 2816 1806 τοῖς
2867 1743 3161 1814 μετέπειτα
3190 1743 3336 1815 δόξῃ,
3384 1745 3477 1797 καὶ
3526 1743 3668 1814 μηδὲ

407 1837 483 1890 ita
518 1853 577 1893 se
597 1838 782 1901 habet,
822 1839 869 1894 si
898 1846 952 1894 et
985 1839 1066 1892 vir
1089 1839 1180 1894 ille
1221 1846 1310 1894 cst-
1335 1840 1604 1906 omnium,
1631 1842 1726 1909 qui
1790 1840 1988 1893 vivunt-

409 1928 592 1992 hodie,
625 1939 907 1998 poetarum
936 1930 1343 1992 divinissimus.
1401 1939 1456 1986 et
1515 1932 1728 2001 poetica
1759 1931 1810 1985 vi
1843 1946 1981 2000 opus

405 2019 682 2088 quispiam
715 2019 898 2084 habet,
936 2029 996 2073 ut
1029 2029 1085 2075 et
1129 2021 1366 2090 posteris
1412 2022 1643 2078 illustris
1707 2023 1978 2086 videatur,

404 2116 458 2162 et
482 2123 549 2162 ne
569 2109 886 2165 absentibus
914 2110 1132 2180 quidem
1159 2113 1232 2166 sit
1258 2113 1495 2181 ignotus.
1516 2113 1728 2168 Etenim
1755 2115 1980 2184 przeclao

405 2214 465 2252 ra
483 2215 712 2269 quaeque
733 2200 996 2265 facinora,
1028 2203 1072 2256 si
1099 2203 1368 2260 orationis
1397 2204 1563 2275 238
1585 2214 1808 2260 careant
1840 2220 1980 2274 pra:-

401 2293 585 2358 conio,
617 2308 649 2348 e
675 2294 941 2348 memoria
970 2294 1250 2360 excidunt,
1277 2303 1332 2350 et
1385 2297 1664 2352 oblivione
1697 2297 1978 2366 sepeliun-

405 2394 518 2450 tur,
542 2401 640 2455 per
671 2385 725 2440 id
759 2387 962 2450 solum,
1016 2403 1129 2458 quo
1195 2397 1491 2458 geruntur,
1555 2399 1770 2459 tempus
1833 2391 1976 2460 apud

401 2490 499 2531 cos
537 2476 829 2542 celebrata,
873 2478 966 2546 qui
1001 2492 1190 2532 coram
1241 2479 1545 2532 intuentur.
1609 2479 1976 2545 Quamobrem

402 2576 604 2636 praeter
640 2582 792 2638 spem
854 2569 1099 2623 oblatum
1132 2569 1286 2625 vobis
1322 2571 1425 2625 hoc
1459 2574 1813 2628 commodum
1862 2589 1980 2626 ma-

401 2658 493 2726 gni
525 2657 833 2714 faciendum
865 2669 972 2724 est,
996 2676 1061 2716 ac
1095 2663 1178 2716 vel
1225 2663 1364 2718 citra
1404 2665 1796 2719 necessitatem
1827 2680 1978 2720 sum-

401 2762 499 2801 mo
551 2750 734 2804 studio
771 2752 1270 2820 complectentium.
1307 2751 1442 2806 Nam
1493 2755 1564 2808 ob
1589 2754 1866 2811 Musarum
1894 2771 1976 2810 re-

399 2839 725 2903 verentiam,
750 2855 939 2894 earum
971 2841 1137 2895 etiam
1168 2843 1546 2898 sacerdotibus
1573 2861 1791 2900 omnem
1827 2845 1976 2900 adbi-

401 2925 529 2982 bere
557 2927 954 2984 humanitatem
982 2933 1239 2986 convenit
1270 2949 1406 2988 :nec
1446 2935 1746 2992 inferiores
1781 2937 1849 2992 iis
1872 2937 1971 2992 du-

2082 1833 2208 1896 τοὺς
2238 1833 2478 1894 ἀπόντας
2513 1833 2668 1906 λάθῃ.
2709 1834 2791 1887 Τὰ
2819 1833 2928 1904 γὰρ
2977 1834 3184 1904 μεγάλα
3217 1833 3324 1887 τῶν
3368 1833 3566 1905 ἔργων,
3597 1834 3668 1886 ἂν

2086 1924 2160 1995 μὴ
2195 1925 2334 1997 τύχῃ
2365 1923 2537 1993 λόγων
2583 1923 2860 1995 κηρύκων,
2897 1925 3127 1995 ἀττορρεί
3149 1924 3248 1994 τῆς
3296 1927 3537 1995 μνήμης,
3567 1927 3672 1978 καὶ

2082 2015 2250 2086 λήθην
2281 2016 2636 2086 ἀμπίσχεται,
2680 2016 2810 2085 παρ’
2842 2015 3003 2068 αὐτὸν
3036 2016 3194 2085 μόνον
3235 2015 3328 2068 τὸν
3366 2015 3458 2068 τοῦ
3496 2017 3672 2086 πράτ·

2081 2111 2268 2165 τεσθαι
2304 2111 2494 2181 καιρὸν
2522 2113 2580 2164 ὲν
2623 2111 2736 2174 τοῖς
2771 2110 2974 2180 ὁρῶσιν
3017 2110 3346 2180 ἀνθήσαντα.
3387 2110 3574 2182 Ταύτῃ
3605 2128 3672 2163 τε

2080 2201 2172 2258 οὖν
2201 2204 2457 2274 τιμητέον
2487 2205 2616 2273 ὑμῖν
2647 2203 2707 2256 τὸ
2734 2203 2984 2274 ἕρμαιον,
3011 2205 3104 2257 καὶ
3130 2203 3251 2256 ἀντὶ
3272 2202 3474 2265 παντὸς
3498 2219 3669 2254 σπου-

2079 2298 2324 2360 δαστέον,
2355 2298 2446 2350 καὶ
2475 2297 2597 2368 δίχα
2624 2297 2723 2367 τῆς
2743 2297 2952 2368 χρείας.
2981 2298 3132 2350 Δίδοῖ
3161 2295 3268 2366 γὰρ
3298 2297 3515 2366 μουσῶν
3537 2297 3667 2360 τοὺς

2083 2390 2246 2461 ἱερεῖς
2276 2388 2456 2442 αὐτῶν
2488 2386 2637 2452 ἄξιον
2663 2387 2963 2458 περιέπειν,
3002 2387 3096 2441 καὶ
3132 2386 3207 2457 μὴ
3246 2385 3534 2456 δευτέρους
3575 2387 3666 2438 τί-

2079 2479 2269 2533 θεσθαι
2294 2479 2403 2532 τῶν
2436 2479 2752 2532 κολακεύειν
2783 2479 2884 2543 τὰς
2927 2479 3098 2550 θύρας
3128 2479 3361 2531 εἰδότων.
3396 2478 3664 2547 Προσκείο

2081 2571 2192 2625 σθω
2224 2571 2318 2624 καὶ
2347 2572 2503 2642 τρίτη
2531 2588 2616 2635 τις
2639 2571 2787 2624 αίτία
2809 2571 2906 2640 τῆς
2933 2570 3062 2641 παρ’
3085 2569 3238 2640 ὑμῶν
3269 2571 3351 2632 εἰς
3375 2569 3464 2620 τὸν
3492 2566 3666 2637 ἄνδρα

2077 2663 2264 2733 τιμῆς,
2301 2663 2554 2726 Συνέσιος
2587 2663 2846 2730 ἀγασθεὶς
2878 2659 3044 2714 αὑτοῦ
3091 2661 3286 2720 πάντα,
3320 2661 3406 2728 ἐφ’
3451 2653 3531 2721 οἷς
3565 2659 3666 2711 ἀν-

2079 2756 2329 2827 θρώπους
2360 2755 2635 2826 ἄνθρωποι
2663 2755 2756 2807 καὶ
2798 2752 3080 2806 ἐπαινοῦσι
3113 2751 3208 2804 καὶ
3240 2749 3663 2821 μακαρίζουσιν.

2091 2846 2267 2918 Ἐρῤω
2275 2847 2432 2916 μένος
2455 2845 2712 2916 διαϐιῴης
2739 2845 2954 2898 πάντων
2975 2845 3137 2897 ἕνεκα
3151 2845 3275 2912 ἐμοὶ
3302 2843 3356 2894 τί
3363 2858 3474 2911 μι-ε.
3495 2842 3670 2907 Προσ-

2078 2937 2398 3011 αγορεύουσι
2450 2940 2547 3009 τὴν
2607 2937 2757 3007 ἱεράν
2805 2953 2898 2989 σου
2940 2935 3180 2989 διάθεσιν
3231 2934 3430 2995 πάντες
3466 2934 3514 2984 οἱ
3561 2931 3666 3001 τὴν

401 3029 548 3106 cere,
583 3016 678 3085 qui
711 3016 778 3071 ad
808 3017 997 3073 limina
1038 3020 1350 3092 principum
1372 3022 1630 3079 adulandi
1676 3028 1836 3096 periti
1888 3044 1976 3084 vc-

2085 3030 2246 3101 αὐτὴν
2277 3031 2410 3100 ἡμῖν
2439 3029 2616 3082 οὶκίαν
2637 3027 2908 3091 οἰκοῦντες
2928 3043 2941 3059 ·
2970 3028 3028 3092 ἐξ
3058 3026 3311 3080 ἁπάντων
3338 3025 3395 3078 δὲ
3426 3024 3666 3094 μάλιστα

402 3104 582 3160 niunt.
608 3109 845 3163 Accedat
866 3117 920 3164 et
955 3111 1120 3164 tertia
1154 3112 1402 3182 quaedam
1444 3114 1670 3171 honoris
1695 3130 1824 3184 erga
1844 3131 1967 3171 eum

2085 3122 2223 3184 5σὸς
2269 3121 2474 3175 Ίσίων·
2515 3122 2607 3178 καὶ
2647 3122 2809 3190 ἡμεῖς
2857 3119 2984 3181 τοὺς
3018 3119 3134 3188 ἅμα
3177 3117 3286 3170 σοί·
3333 3116 3570 3186 μάλιστα
3603 3115 3664 3168 δὲ

399 3196 571 3250 vestri
603 3199 764 3264 ratio,
791 3198 1057 3271 Synesius
1085 3203 1237 3256 illum
1269 3219 1365 3274 per
1397 3205 1581 3259 omnia
1611 3208 1870 3276 probans,
1915 3217 1972 3262 et—

2085 3211 2165 3264 τὸν
2187 3212 2210 3263 ὲ
2220 3213 2316 3281 μὸν
2332 3212 2645 3282 Ἀϐράμιον.
2671 3210 2761 3280 Τῷ
2776 3208 2989 3279 Κόμητί
3014 3225 3078 3276 γε
3102 3207 3305 3271 δοῦναι,
3325 3205 3665 3276 ἃ-γέγραφα,

401 3288 704 3356 admirans,
741 3291 812 3347 ob
851 3309 974 3363 qua:
1025 3294 1278 3352 homines
1310 3297 1378 3351 ab
1413 3297 1733 3354 hominibus
1760 3300 1970 3353 collau-

2085 3302 2239 3364 αὐτὸς
2267 3300 2604 3371 δοκιμάσεις.
2636 3299 2744 3353 εἴτε
2778 3299 2875 3368 μή.

404 3377 525 3434 dari
567 3394 631 3433 ac
679 3381 965 3451 praedicari
1023 3386 1222 3440 solent.
1252 3383 1524 3455 Perpetuo
1559 3403 1728 3443 sanus
1767 3396 1822 3442 et
1875 3389 2169 3443 incolumis
2225 3389 2415 3458 dcgas,
2486 3389 2566 3442 vir
2599 3387 2856 3442 oriinibus
2921 3388 2989 3443 de
3043 3387 3229 3442 causis
3290 3385 3420 3440 mihi
3468 3384 3668 3454 impri—

400 3476 508 3530 mis
539 3477 900 3532 observande.
939 3479 1162 3533 Sacram
1204 3481 1371 3535 animi
1414 3482 1490 3534 tui
1517 3480 1856 3536 ali‘cctioncm
1889 3483 2366 3547 salutantmunes,
2393 3481 2568 3550 quiin
2594 3479 2782 3536 eadem
2841 3495 3051 3534 mecum
3119 3481 3281 3533 domo
3322 3487 3492 3542 sunt,
3551 3494 3668 3549 pne

398 3567 612 3622 caeteris
641 3583 772 3623 vero
815 3577 942 3624 tuus
977 3569 1112 3636 Isio;
1151 3571 1394 3626 vicissim
1430 3581 1611 3626 autem
1647 3582 1700 3625 et
1733 3588 1832 3626 nos
1875 3573 1960 3637 iis,
2003 3573 2094 3642 qui
2131 3581 2310 3625 tecum
2342 3580 2492 3636 sunt,
2531 3572 2762 3626 salutem
2812 3571 3068 3626 omnibus
3107 3571 3374 3634 dicimus,
3429 3587 3670 3640 prescr-

398 3659 496 3715 tim
527 3667 704 3714 autem
729 3659 990 3714 Abramio
1014 3677 1154 3715 meo.
1183 3663 1378 3716 Comiti
1399 3678 1518 3732 qua:
1552 3663 1745 3733 scripsi
1769 3664 2019 3718 dandanc
2057 3665 2188 3727 sint,
2226 3678 2417 3727 necne,
2442 3661 2737 3731 judicabis.

917 3749 1250 3806 EPISTOLA
1277 3751 1465 3808 XCIX.

1031 3843 1342 3914 Pylwmeni.

469 3932 570 3988 IIic
599 3933 691 3990 ille
720 3943 806 3990 est
837 3935 1036 4006 saepius
1073 3952 1104 3990 a
1142 3953 1229 3991 me
1258 3948 1593 3992 memoratus
1620 3937 1967 3992 Anastasius.

401 4025 509 4080 Sed
543 4034 598 4081 et
627 4025 672 4080 si
709 4025 939 4095 teipsum
979 4025 1054 4079 illi
1089 4026 1478 4097 signiﬁcarem,
1504 4027 1694 4084 eadem
1718 4029 1795 4082 tui
1833 4045 1970 4098 pra-

397 4119 672 4174 dicatione
700 4126 902 4174 uterer.
936 4118 1107 4189 Igitur
1145 4127 1405 4188 tanquam
1449 4120 1594 4190 apud
1620 4137 1704 4175 me
1755 4121 1964 4191 pridem

399 4209 730 4273 consociati,
767 4207 1213 4276 coniunctionem
1250 4210 1401 4262 illam
1439 4219 1642 4265 mutuae
1671 4210 1968 4281 agnitionis

398 4303 574 4358 instar
599 4301 883 4366 habentes,
917 4310 1108 4354 mutua
1138 4316 1237 4355 vos
1279 4301 1620 4356 humanitate
1645 4303 1970 4372 complecti-

397 4392 568 4457 mini,
609 4397 773 4460 atque
819 4390 921 4442 hoc
955 4389 1008 4442 in
1051 4390 1331 4444 communi
1371 4390 1569 4456 videte,
1609 4393 1969 4461 quemadmo-

2618 3753 2964 3804 ΕΠΙΣΤΟΛΠ
3000 3751 3114 3818 ιβ’.

2668 3845 2720 3894 Π
2727 3843 3051 3910 υ.1αιμένει.

2148 3923 2317 3993 Οὗτος
2355 3932 2559 3993 ἐκεῖνος
2585 3931 2613 3984 ὁ
2643 3930 2810 3992 πολὺς
2850 3933 2908 3984 ἐν
2940 3934 3052 3996 τοῖς
3093 3932 3273 4002 λόγοις
3301 3936 3461 4005 ἡμῶν
3509 3939 3664 3993 Ἀνα-

2076 4024 2314 4088 στόισιος.
2347 4023 2456 4076 Καὶ
2486 4023 2545 4075 σὲ
2571 4023 2615 4074 δ’
2645 4022 2710 4076 ἂν
2731 4021 2876 4093 αὺτῷ
2899 4023 3101 4088 δείξας,
3133 4025 3226 4078 τὸν
3255 4026 3420 4081 αὐτὸν
3441 4028 3664 4084 ἔπαινον

2075 4112 2226 4169 εἷπον
2255 4117 2320 4170 ἂν
2357 4115 2485 4186 περὶ
2525 4113 2642 4166 σοῦ.
2677 4115 2889 4185 Ὥσπερ
2921 4111 3014 4170 οὖν
3039 4118 3098 4169 ὲν
3145 4117 3269 4187 ἐμοὶ
3313 4118 3663 4185 συνελθόντες

2077 4209 2266 4268 πάλαι.
2297 4209 2389 4261 καὶ
2409 4208 2510 4278 τὴν
2535 4207 2824 4277 συντυχίαν
2844 4209 3259 4279 ἀναγνωρισμδν
3277 4212 3660 4282 ποιησάμενοι,

2076 4296 2540 4368 φιλοφρονήσασθέ
2562 4313 2620 4349 τε
2650 4296 2932 4363 ἀλλήλους.
2955 4300 3048 4351 καὶ
3076 4301 3228 4370 κοινῇ
3259 4304 3510 4353 σκοπεῖτε
3539 4305 3670 4366 πῶς-

2076 4394 2141 4448 ἂν
2165 4393 2368 4461 ἀγαθόν
2381 4392 2438 4445 τί
2462 4409 2528 4460 με
2557 4393 2844 4462 ποιήσητε.
2861 4392 3032 4462 Σχολὴ
3061 4392 3118 4446 δὲ
3147 4393 3404 4463 μέγιστον
3429 4395 3672 4462 ἀγαθὺντ·

397 4483 528 4536 dum
560 4481 693 4537 boni
749 4480 879 4534 mihi
911 4478 1119 4548 aliquid
1151 4481 1447 4535 conciliare
1500 4482 1743 4549 possitis.
1783 4480 1966 4536 Otium

2085 4486 2140 4555 ἣν
2191 4486 2334 4538 εἴποι
2371 4501 2455 4547 τις
2492 4483 2579 4548 ἂν,
2629 4485 2819 4554 ὥσπερ
2861 4483 3043 4553 χώραν
3092 4487 3397 4554 πάμφορον,
3442 4487 3666 4539 ἅπαντα

397 4591 562 4648 porro
606 4572 905 4627 maximum
963 4573 1168 4626 bonum
1198 4579 1309 4638 est;
1367 4573 1512 4640 quod
1569 4573 1734 4642 opimi
1793 4574 1970 4628 instar

2085 4576 2218 4628 καλὰ
2257 4576 2439 4646 φέρειν
2478 4579 2544 4647 τῇ
2583 4575 2676 4630 τοῦ
2721 4574 3013 4645 φιλοσόφου
3055 4575 3221 4646 ψυχῇ.
3275 4577 3662 4646 Καρπώσομαι

395 4675 452 4721 et
491 4665 676 4722 uberis
707 4665 832 4729 soli,
863 4666 1133 4720 bonorum
1182 4679 1380 4734 genera
1437 4665 1620 4718 omnia
1657 4665 1976 4735 philosophi-

2085 4666 2130 4719 ss
2164 4667 2380 4737 σχολὴν,
2403 4667 2470 4721 ἂν
2498 4667 2592 4720 τοῦ
2620 4666 2975 4738 συντετάχθαι
3004 4669 3070 4738 τῇ
3093 4668 3334 4738 πολιτείᾳ
3371 4668 3678 4737 Ῥωμαίων-

397 4759 582 4813 animo
635 4756 887 4812 conferre
937 4755 1044 4810 dici
1104 4771 1212 4810 non
1264 4757 1541 4810 immerito
1595 4764 1796 4825 potest.
1838 4757 1966 4810 Otio

2085 4757 2455 4826 ἅπαλλαγῆναί
2508 4775 2596 4829 μοι
2629 4759 2874 4829 γένηται.
2918 4757 3090 4811 Τοῦτο
3130 4758 3187 4811 δὲ
3221 4758 3514 4828 παρέσται,
3557 4759 3665 4828 τῆς

394 4862 525 4901 vero
549 4854 663 4900 tum
695 4845 866 4909 fruar,
897 4860 1021 4899 cum
1041 4845 1114 4898 ab
1147 4844 1387 4900 Romana
1417 4845 1694 4914 republica
1728 4845 1967 4900 cxtriea.

2085 4849 2416 4920 λειτουργίας
2443 4848 2712 4920 ἀνειμένῳ
2735 4851 2834 4919 τῆς
2865 4845 3302 4920 καταράτουιῆς
3337 4849 3398 4901 τὸ
3433 4849 3535 4918 μὲν
3566 4851 3666 4903 ἐπὶ

393 4938 439 4991 ri
491 4945 720 5006 potuero
750 4953 763 4987 :
801 4936 946 5005 quod
982 4937 1056 4989 ita
1095 4936 1316 4990 demum
1353 4935 1587 4999 eveniet,
1619 4936 1664 4991 si
1701 4937 1769 4990 ab
1803 4953 1964 4992 exse-

2085 4938 2304 5002 Ξασιλεί,
2346 4941 2546 5009 γέγονα
2592 4941 2784 5005 ἐκτόςο
2833 4944 3066 5012 ἐμαυτὸν
3107 4943 3152 4996 δ’
3183 4943 3250 4996 ἂν
3292 4944 3661 5013 αἰτιασαίμην

393 5027 599 5081 crando
629 5027 725 5081 illo
749 5026 1010 5096 ’publicze
1059 5026 1362 5082 [unctionis
1425 5041 1592 5081 onere
1624 5029 1962 5084 vacationem

2085 5031 2311 5094 ῑικαίως,
2347 5031 2658 5101 αἰσχυνθεὶς
2692 5033 2920 5086 ὄνασθαι
2954 5034 3188 5102 σπουδῆς
3219 5033 3448 5096 οἰκείας.
3495 5034 3660 5086 Ἀποο

393 5119 697 5182 obtineam,
737 5134 768 5173 a
807 5133 939 5190 qua,
969 5127 1236 5190 quantum
1262 5119 1316 5173 in
1342 5118 1670 5188 imperatore
1702 5119 1823 5184 fuit,
1859 5121 1964 5174 im-

2085 5126 2371 5194 ωγήσομαι
2399 5125 2579 5176 τοίνυν
2610 5123 2772 5187 αὐτὸς
2802 5124 3044 5196 ἐμαυτῷ.
3085 5125 3231 5191 Δόξω
3264 5124 3374 5193 γὰρ
3416 5125 3663 5195 αὐτουρσ-

1631 5273 1816 5330 DION.
1855 5275 2132 5331 PETAVII
2168 5277 2404 5333 NOTzE.

467 5410 580 5481 (‘28)
621 5409 934 5484 Δυνάμεῳς
975 5409 1044 5461 δὲ
1086 5408 1295 5484 δεῖται.
1327 5409 1454 5464 Vitii
1498 5411 1792 5484 plurimum
1818 5412 1875 5484 in
1903 5425 1970 5464 eo

2085 5413 2276 5484 mirum
2303 5415 2375 5466 ita
2402 5430 2525 5469 esse
2554 5413 2847 5468 dicendum
2875 5421 2980 5477 cst,
3019 5429 3142 5468 cum
3175 5425 3228 5468 et
3257 5412 3547 5484 [LXXXII]
3573 5415 3656 5467 vir

396 5496 518 5552 ioco
549 5479 658 5544 est,
691 5495 856 5552 quem
873 5480 946 5552 ita
973 5479 1392 5552 concipiendum
1413 5479 1565 5552 puto.
1597 5479 1756 5552 Ἀλλὰ
1780 5480 1966 5552 τοῦτο·
2078 5483 2170 5536 illc
2205 5492 2362 5552 poeta
2388 5485 2461 5538 sit
2498 5485 2740 5538 oumium
2771 5484 3170 5548 divinissimus,
3193 5479 3299 5538 etc.
3321 5483 3446 5537 Haec
3469 5479 3671 5540 autem.

395 5550 448 5626 si
477 5567 540 5626 γε
574 5549 802 5626 ποιητὴς
837 5548 976 5618 ἀνὴρ
1005 5548 1112 5626 τῶν
1146 5548 1242 5626 νῦν
1291 5549 1641 5626 ξὶνθεώταιτοίΞ
1688 5551 1970 5626 δυνάμεῳς

2085 5553 2186 5607 duo
2207 5548 2402 5619 Verba,
2436 5554 2715 5624 δυνάμεως
2751 5554 2942 5619 δέοιτο,
2979 5553 3338 5626 ετρυηεθιιιιιι
3373 5562 3542 5624 suun,

393 5619 450 5671 δὲ
485 5617 655 5673 δεῖταί
683 5635 764 5682 τις
793 5618 1099 5690 ποιητικῆς.
1139 5617 1304 5684 Quasi
1339 5619 1576 5676 diceret:
1609 5621 1712 5676 Sed
1757 5617 1857 5677 hoc
1884 5622 1968 5676 ni-
