3838 6236
182 256 319 318 £669

1393 256 1776 315 EPISTOLA‘J.
1823 289 1894 300 ——
1944 258 2162 314 El‘lS’l‘.
2196 257 2257 313 C.

3296 260 3451 317 N70

177 378 299 447 γεῖν
314 375 410 447 τὴν
432 376 748 446 πρεσϐείαν.
769 376 938 432 Πάλιν
953 378 1063 449 γὰρ
1085 379 1192 448 ἐμὴ
1209 379 1422 447 γλῶττα
1442 380 1751 451 πρεσϐεύει.

1878 379 2181 433 nunitatem
2204 390 2326 432 sum
2357 375 2606 445 adeptus.
2646 374 2752 429 Sed
2795 374 2995 428 merito
3028 376 3299 444 meipsum
3344 392 3435 433 ac-

181 467 293 521 Katl.
322 467 497 530 οὐδεὶς
524 468 741 539 ἀντερεῖ
773 468 879 522 τῶν
902 469 1225 540 Πυθαγόραν
1249 471 1673 537 ἐπαινεσάντων,
1701 472 1760 535 ὃς

178 555 272 608 τὸν
304 556 454 624 φίλον
481 556 638 611 ἄλλον
669 557 859 611 ἐαυτὸν
879 557 1134 629 ὡρίσατο.

1864 471 2195 531 cusaverim,
2224 468 2321 538 qui
2373 482 2436 521 ex
2476 467 2695 537 proprio
2727 469 2909 521 studio
2933 483 3131 537 capere
3159 469 3433 523 commodi

1865 560 2071 628 aliquid
2117 559 2458 613 erubuerint.
2484 558 2675 627 Itaque
2712 558 2841 611 mihi
2879 559 2995 627 ipse
3024 560 3431 627 patrocinabor.

182 646 423 702 Videbor
444 650 588 703 enim
619 665 813 704 rursus
845 664 941 718 per
980 666 1065 705 me
1088 651 1415 721 legationem
1448 652 1623 706 obire.
1650 650 1783 706 Nam
1823 668 2023 707 rursus
2064 651 2254 721 lingua
2302 665 2418 705 mea
2451 651 2722 721 legatione
2778 652 3044 721 fungitur.
3103 650 3216 705 Nec
3278 652 3435 721 quis-

181 755 348 811 quam
373 755 564 796 eorum
582 741 944 809 eontradicet,
970 743 1059 814 qui
1086 741 1453 815 Pythagoram
1484 743 1743 809 laudant,
1779 744 1879 814 qui
1904 744 2140 799 amicum
2172 744 2345 797 alium
2391 758 2517 798 esse
2540 744 2899 813 semetipsum
2928 743 3195 800 asseruit.

743 833 1087 887 ΕΠΙΣΤΟΛΗ
1124 836 1202 890 P’.

820 924 903 991 Τῷ
934 928 1011 981 αὐ
1018 924 1113 991 τῷ.

252 1014 575 1079 Φυκούντιος
624 1015 906 1086 ἄνθρωπος
955 1017 1302 1087 (Κυρηναίων
1350 1019 1394 1073 δ’
1442 1018 1679 1073 ἐπίνειον
1728 1021 1757 1073 6

180 1104 496 1177 Φρ[υ]χοῦς)
528 1108 765 1162 ἐπέδωκέ
791 1124 880 1178 μοι
908 1109 1087 1176 φέρων
1113 1109 1401 1181 ἐπιστολὴν
1425 1110 1484 1163 τὸ
1515 1111 1606 1164 σὺν
1635 1111 1757 1163 ἐπι-

183 1199 575 1269 γεγραμμένην
631 1200 820 1269 ὅνομα.
876 1200 1092 1269 Ταύτην
1138 1202 1380 1269 ἀνέγνων
1426 1203 1596 1272 ήδέως
1640 1203 1757 1271 ἅμα

183 1290 280 1343 καὶ
310 1291 618 1359 ἀγαμένως.
663 1291 934 1359 Ὠφείλετο
975 1288 1083 1363 γὰρ
1129 1292 1190 1345 τὸ
1238 1292 1357 1362 μὲν,
1403 1296 1470 1363 τῇ
1523 1293 1758 1346 διαθέσει

183 1379 283 1448 τῆς
312 1380 487 1448 ψυχῆς
508 1396 521 1409 ο
550 1379 609 1431 τὸ
637 1379 713 1441 δὲ,
740 1378 816 1448 τῷ
846 1379 1031 1432 κάλλει
1062 1380 1159 1449 τῆς
1186 1379 1450 1450 γλώττης.
1488 1380 1596 1431 Καὶ
1628 1379 1761 1449 δῆτα

188 1468 574 1537 παρεσκεύασα
628 1486 708 1521 σοι
770 1470 993 1540 θέατρον
1041 1470 1131 1523 ἐπὶ
1182 1469 1387 1540 Λιϐύης
1428 1469 1760 1539 Ἑλληνικὸν,

185 1559 521 1627 ἐπαγγείλας
569 1561 723 1629 ἣκειν
758 1560 1185 1630 ἁκροασομένοις
1234 1560 1534 1629 ἐλλογίμων
1577 1576 1761 1629 γραμ-

190 1650 396 1719 μάτων.
430 1650 536 1703 Καὶ
574 1650 667 1707 νῦν
697 1652 752 1702 ἐν
782 1654 903 1713 ταῖς
934 1652 1064 1721 παρ’
1094 1652 1226 1720 ἡμῖν
1253 1649 1467 1702 πόλεσιν
1498 1650 1525 1700 6
1556 1647 1757 1700 Πυλαι-

2432 834 2764 889 EPlSTOLA
2800 836 2861 890 Ο.

2525 926 2739 981 Eidem.

1938 1017 2282 1089 Phycuntius
2300 1019 2464 1073 homo
2483 1018 2779 1088 (estautem
2817 1017 3197 1088 Cyremeorum
3250 1015 3442 1069 navale

1852 1106 2088 1178 Phycus)
2104 1108 2313 1163 litteras
2326 1108 2489 1178 239
2504 1108 2570 1161 ad
2588 1122 2672 1161 me
2695 1115 2787 1161 tuo
2804 1106 3023 1161 nomine
3037 1107 3328 1176 inscriptas
3350 1104 3444 1158 de—

1851 1197 2009 1249 tulit:
2035 1212 2175 1268 quas
2191 1213 2314 1251 cum
2332 1195 2593 1265 jucunde,
2608 1203 2723 1249 tum
2738 1211 2845 1249 non
2870 1195 2989 1250 sine
3019 1203 3245 1264 stupore
3266 1196 3442 1265 perle-

1851 1287 1925 1354 gi.
1948 1288 2080 1342 lllud
2094 1289 2238 1343 enim
2257 1304 2409 1342 amor
2424 1303 2551 1357 erga
2568 1296 2616 1342 te
2630 1301 2805 1351 meus,
2824 1287 2925 1341 hac
2943 1286 3212 1341 sermoais
3227 1286 3445 1355 elegan-

1855 1380 1932 1432 tia
1955 1380 2300 1446 merebatur;
2330 1380 2624 1449 statimque
2642 1378 2888 1433 Grmcum
2920 1378 3013 1432 tibi
3048 1379 3100 1431 in
3124 1377 3291 1448 Libya
3319 1393 3445 1446 spe-

1858 1471 2134 1523 ctaculum
2171 1469 2459 1533 constitui,
2483 1468 2817 1524 denuntians
2839 1468 3096 1523 omnibus
3128 1475 3185 1521 ut
3209 1467 3275 1521 ad
3307 1482 3438 1521 eru-

1860 1557 2007 1613 ditas
2042 1560 2252 1615 litteras
2305 1561 2603 1616 audiendas
2634 1562 3008 1615 convenirent.
3044 1558 3107 1614 Et
3152 1574 3296 1613 nunc
3349 1573 3447 1628 per

1870 1650 2034 1703 urbes
2069 1657 2290 1705 nostras
2323 1650 2377 1704 in
2411 1665 2507 1705 ore
2556 1650 2799 1703 omnium
2852 1649 3109 1718 frequens
3150 1655 3234 1703 est
3275 1646 3447 1718 Pylae-

191 1740 360 1808 μένης
391 1738 576 1803 πολὺς,
608 1742 634 1791 ὁ
665 1739 992 1810 δημιουργὸς
1015 1740 1112 1809 τῆς
1138 1738 1428 1800 θεσπεσίας
1455 1736 1759 1805 ἐπιπολῆς.

1878 1756 2075 1803 mencs,
2108 1741 2307 1795 divinae
2357 1742 2507 1796 illius
2559 1750 2751 1795 auctor
2797 1741 3061 1809 epistola}.
3112 1738 3288 1793 Unum
3343 1739 3447 1793 hoc

195 1830 293 1881 Ἐν
330 1828 487 1881 τοῦτο
515 1830 711 1882 ἄτοπον
744 1830 937 1899 ἐφάνη,
977 1830 1070 1889 καὶ
1103 1829 1252 1900 παρὰ
1286 1829 1442 1895 δόξαν
1485 1829 1764 1899 ἀπήντησε

187 1917 267 1987 τῷ
293 1918 536 1987 θεάτρῳ·
560 1918 657 1980 τὰς
683 1919 1063 1987 Κυνηγετικάς
1093 1918 1241 1991 ᾔτεις
1266 1919 1364 1982 τὰς
1404 1918 1562 1989 ἐμὰς,
1594 1918 1667 1982 ὡς
1701 1918 1763 1988 δή

189 2025 245 2060 τι
279 2008 565 2063 σπουδαῖον
599 2010 790 2072 αὐταῖς
826 2009 965 2062 ἐνόν.
1003 2009 1225 2074 Ἕδοξας
1260 2005 1352 2063 οὖν
1391 2009 1617 2079 σεσηρὺς
1635 2006 1767 2079 ἦθος

190 2100 545 2170 παρέχεσθαι,
571 2101 663 2152 καὶ
689 2102 969 2171 εἰρωνείας
1000 2101 1305 2155 ἀνάπλεων.
1345 2102 1418 2153 Οὐ
1450 2100 1558 2171 γὰρ
1585 2100 1767 2170 ἠξίουν

190 2189 300 2241 τῶν
347 2189 494 2259 παρά
544 2189 695 2258 σφίσι
748 2189 837 2245 τὰν
886 2189 1217 2257 φαυλότατον
1256 2189 1448 2249 εἰπεῖν,
1488 2187 1768 2254 ἐξενέγκαι

190 2299 245 2335 τι
291 2280 536 2350 παίγνιον
580 2285 677 2351 τῆς
719 2281 865 2352 παρὰ
914 2282 996 2333 σοὶ
1035 2280 1272 2349 σπουδῆς
1319 2280 1487 2343 ἄξιον.
1535 2276 1675 2346 Ἐγὼ
1713 2277 1769 2330 δὲ

190 2371 380 2423 τούτου
419 2372 519 2441 μέν
551 2390 610 2424 σε
638 2377 997 2443 παρῃτούμην
1017 2371 1116 2441 τῆς
1152 2370 1432 2441 εἰρωνείας
1452 2387 1465 2400 ·
1492 2370 1770 2425 ἐδίδασκον

191 2461 271 2523 δὲ,
321 2463 401 2515 ὅτι
451 2461 587 2532 πρὸς
636 2465 746 2526 τοῖς
797 2462 997 2526 ἄλλοις,
1051 2461 1086 2514 ἆ
1128 2477 1208 2513 σοι
1258 2461 1522 2530 πάρεστιν
1569 2458 1770 2526 ἀγαθὰ,

196 2554 703 2625 φιλανθρωπότατος
734 2571 793 2607 τε
832 2556 978 2624 εἴης,
1007 2554 1105 2613 καὶ,
1133 2554 1245 2606 τῶν
1297 2551 1585 2621 ἐγκωμίων
1625 2550 1774 2619 φιλο-

194 2647 517 2718 δωρότατος.
553 2645 761 2699 υῦκουν
810 2647 901 2698 ἐπὶ
937 2644 1276 2713 καταγέλωτι
1320 2640 1649 2710 πεποιῆσθαι
1677 2638 1774 2710 τὴν

196 2736 452 2809 αἴτησιν
510 2738 622 2792 ἀλλ’
674 2738 761 2790 ἵνα
812 2736 1063 2807 ἡδοίμην,
1109 2739 1174 2806 τῇ
1224 2734 1371 2805 παρὰ
1424 2731 1515 2785 τοῦ
1569 2731 1775 2784 τοιοῦδε

201 2828 477 2899 μαρτυρίᾳ
508 2826 833 2899 τιμώμενος.
874 2827 1055 2895 Γράφε
1090 2822 1182 2878 οὖν
1213 2824 1401 2887 ὁσάκις
1442 2822 1504 2876 ἂν
1538 2823 1775 2891 ἐγχωρῇ,

198 2923 294 2973 καὶ
323 2921 476 2974 ἑστία
502 2920 845 2991 Κυρηναίους
878 2918 955 2989 τῷ
993 2918 1134 2987 λόγῳ
1155 2934 1168 2949 ·
1202 2917 1275 2979 ὼς
1307 2915 1457 2968 οὐδὲν
1498 2914 1564 2971 ἂν
1597 2913 1778 2977 αὐτοῖς

197 3011 346 3081 ἥδιον
371 3010 700 3079 ἀνάγνωσμα
742 3009 945 3077 γένοιτο
974 3007 1080 3060 τῶν
1109 3005 1474 3076 Πυλαιμένους
1518 3002 1780 3073 γραμμά-

197 3120 325 3168 των,
380 3101 479 3173 ἡδη
537 3100 961 3170 κατεσχημένοις
1014 3097 1117 3150 ὑπὸ
1166 3095 1258 3150 τοῦ
1298 3096 1586 3165 δείγματος
1641 3091 1774 3162 (9.9).

199 3196 423 3257 Πάντως
471 3193 527 3245 δὲ
583 3196 795 3261 συχνοῖς
845 3191 1067 3262 ἐντεύξῃ
1116 3194 1225 3253 τοῖς
1257 3187 1414 3259 δεῦρο
1447 3184 1777 3255 ἀφικνουμέ-

198 3304 311 3350 νοις
331 3303 344 3317 ⁶
377 3286 472 3339 καὶ
501 3287 548 3338 εί
587 3286 805 3355 μηδέσιν
840 3284 1040 3345 ἄλλοις,
1070 3282 1205 3336 ἀλλὰ
1235 3283 1346 3344 τοῖς
1380 3278 1632 3348 ἄρξουσιν
1660 3275 1773 3347 [γρ.

200 3380 450 3450 ἄρξασιν,
482 3379 515 3449 ἢ
550 3376 831 3449 ἄρχουσιν]
860 3377 1015 3446 ἡμῶν
1050 3377 1143 3428 καὶ
1169 3376 1266 3445 τὴν
1294 3373 1519 3431 ἐλάττω,
1556 3370 1651 3423 καὶ⁸
1679 3370 1777 3439 τὴν

204 3473 374 3547 μείζω
419 3472 551 3541 ('50),
586 3470 679 3522 καὶ
707 3470 806 3537 τὴν
838 3466 1151 3536 Αἰγυπτίων
1195 3466 1401 3537 ἀρχήν·
1442 3461 1536 3524 οὒς
1572 3461 1669 3513 οὐκ
1704 3462 1780 3511 εἰ·

201 3566 298 3624 κὸς
342 3560 648 3627 ἀγνοεῖσθαι
678 3559 765 3611 διὰ
812 3558 911 3626 τὴν
961 3555 1281 3609 ἀκολουθίαν
1322 3553 1429 3606 τῶν
1464 3550 1777 3604 δανειστῶν.

214 3652 367 3705 Ἐπεὶ
392 3651 447 3703 δὲ
477 3649 719 3720 διαφέρει
748 3666 827 3701 σοι
858 3648 1007 3717 τάμά
1036 3647 1252 3711 εἰδέναι,
1280 3641 1699 3714 φιλοσοφοῦμεν,
1730 3634 1775 3693 ὧ

202 3741 373 3808 ’γαθέ,
408 3740 504 3810 τὴν
542 3740 777 3809 ἐρημίαν
825 3737 1033 3807 ἀγαθὴν
1084 3735 1296 3805 ἔχοντες
1355 3732 1633 3803 συνεργὸν,
1686 3731 1779 3783 ἀν-

204 3831 437 3905 θρώπων
467 3831 523 3883 δέ
559 3831 771 3883 οὐδένα.
798 3829 918 3881 Οὐδ’
950 3828 1098 3880 ἐστιν
1130 3829 1253 3880 ὅτου
1295 3825 1425 3877 ποτὲ
1453 3824 1543 3875 ἐπὶ
1577 3821 1782 3890 Λιϐύης

204 3924 419 3993 ἀκήκοα
453 3923 634 3990 φωνὴν
658 3922 907 3989 ἀφιέντος
935 3920 1240 3986 φιλόσοφον,
1281 3918 1362 3970 ὅτι
1391 3916 1467 3985 μὴ
1491 3914 1592 3983 τῆς
1618 3911 1782 3981 ἠχοῦς

205 4012 706 4081 ἀντιφθεγγομένης
759 4012 888 4081 ἡμῖν
950 4008 1061 4082 [πρ.
1114 4005 1281 4078 ἐμοί].
1354 4003 1512 4057 Ἀλλά
1568 4002 1781 4071 κόσμει,

208 4105 391 4179 φησὶν,
437 4102 503 4157 ἂν
536 4103 724 4173 ἔλαχες
757 4102 1033 4172 Σπάρταν.
1077 4098 1249 4167 Κάγώ
1282 4114 1370 4167 μοι
1399 4093 1539 4150 δοκῶ
1581 4093 1678 4163 τὴν
1704 4094 1781 4145 εί-

212 4195 498 4266 μαρμένην
547 4195 850 4264 ἀγαπήσειν
897 4209 955 4245 τε
992 4192 1085 4245 καὶ
1135 4189 1431 4259 κοσμήσειν
1465 4186 1563 4257 τὴν
1621 4184 1782 4246 αὐτὸς

209 4287 471 4355 ἐμαυτοῦ,
508 4286 807 4357 ἡγούμενος
835 4284 1122 4352 ἀγώνισμα
1154 4279 1311 4333 τοῦτο
1356 4274 1676 4347 προκεῖσθαι
1704 4274 1783 4345 τῷ

1864 1829 2187 1893 absurdum,
2245 1846 2309 1886 ac
2358 1837 2555 1900 praeter
2611 1841 2921 1885 conventus
2978 1830 3446 1900 exspectationem

1866 1920 2085 1981 accidit,
2116 1920 2261 1990 quod
2312 1921 2673 1991 Cynegetieas
2717 1935 2868 1975 meas
2904 1928 3144 1989 peteres,
3186 1929 3446 1987 tanquam

1867 2012 2047 2066 studio
2093 2012 2318 2081 dignum
2370 2010 2575 2081 aliquid
2626 2011 2692 2065 iis
2735 2012 2960 2066 inesset.
2992 2010 3282 2066 Videbaris
3319 2026 3450 2080 ergo

1868 2100 2146 2170 ingenium
2182 2117 2290 2169 prae
2325 2113 2376 2155 te
2414 2101 2558 2155 ferre
2596 2100 2947 2155 cavillatione
2999 2114 3063 2155 ae
3098 2101 3449 2156 simulatione

1868 2192 2113 2261 plenum.
2142 2190 2259 2247 Non
2293 2192 2438 2248 enim
2472 2192 2585 2247 fieri
2620 2208 2780 2262 posse
2810 2192 3241 2257 arbitrabantur,
3266 2202 3323 2245 ut
3357 2194 3449 2262 qui

1870 2283 2014 2351 apud
2049 2299 2107 2337 se
2152 2283 2397 2337 omnium
2426 2291 2574 2338 esset
2614 2284 2680 2337 ad
2714 2282 3007 2338 dicendum
3049 2283 3448 2352 ineptissimus,

1881 2372 2152 2427 ludicrum
2190 2374 2395 2443 aliquid
2435 2376 2642 2439 ederet,
2684 2375 2827 2443 quod
2864 2373 3049 2427 studio
3094 2383 3187 2427 tuo
3224 2374 3451 2444 dignum

1877 2461 2180 2517 videretur.
2215 2464 2283 2517 At
2314 2480 2416 2535 ego
2470 2465 2570 2519 hac
2603 2465 2823 2534 quidem
2879 2474 2930 2519 te
2964 2463 3336 2519 simulationis
3361 2478 3453 2517 su-

1872 2552 2117 2621 spicione
2164 2552 2459 2607 liberabam
2489 2569 2501 2604 :
2532 2553 2795 2607 docebam
2830 2568 2965 2606 vero
3011 2560 3083 2618 te,
3116 2559 3310 2621 praeter
3345 2567 3453 2605 em-

1873 2650 2021 2698 teras
2056 2644 2219 2697 animi
2256 2645 2429 2707 dotes,
2464 2644 2622 2715 longe
2651 2644 3105 2698 humanissimum
3134 2658 3278 2705 esse,
3313 2652 3369 2696 et
3396 2641 3453 2695 in

1876 2735 2150 2789 laudando
2180 2737 2424 2805 apprime
2462 2737 2762 2792 liberalem.
2785 2736 2968 2802 Quare
3000 2751 3106 2790 non
3140 2736 3206 2789 ad
3243 2735 3456 2790 irrisio-

1877 2840 2004 2879 nem
2036 2826 2178 2880 hanc
2202 2842 2325 2881 esse
2355 2828 2667 2897 petitionem
2693 2835 3084 2896 comparatam,
3113 2827 3206 2882 sed
3237 2835 3295 2881 ut
3316 2826 3453 2881 mihi

1879 2914 1996 2985 ipse
2038 2918 2362 2984 gratularer,
2411 2920 2545 2971 tanti
2583 2918 2680 2971 viri
2737 2918 3055 2973 testimonio
3089 2917 3453 2973 collaudatus.

1880 3005 2065 3075 Itaque
2096 3007 2273 3061 scribe
2304 3008 2520 3076 quoties
2550 3007 2782 3069 licuerit,
2811 3019 2864 3061 et
2893 3009 3157 3063 orationis
3180 3016 3283 3062 tua}
3317 3024 3457 3078 qua-

1880 3095 1928 3150 si
1952 3096 2143 3165 epulas
2182 3097 2447 3164 quasdam
2491 3097 2897 3167 Cyrenensibus
2954 3099 3155 3167 praebe,
3193 3099 3455 3167 quoniam

1880 3187 2026 3239 nulla
2060 3187 2125 3240 iis
2174 3187 2334 3240 lectio
2362 3186 2661 3255 jucundior
2711 3186 2963 3242 accidere
2992 3196 3170 3256 potest
3198 3187 3460 3258 Pylzeme-

1881 3281 1965 3332 nis
2008 3278 2223 3341 litteris,
2264 3278 2356 3346 qui
2411 3278 2630 3346 quidem
2695 3276 2859 3345 hujus
2909 3278 3226 3349 specimiuis
3285 3279 3459 3331 admi-

1878 3370 2090 3423 ratione
2121 3369 2452 3422 detinentur.
2482 3367 2716 3423 Prorsus
2763 3382 2894 3422 vero
2944 3368 3144 3422 multos
3189 3366 3455 3435 reperies,

1879 3462 1969 3530 qui
2031 3461 2134 3514 huc
2180 3460 2622 3529 proficiscantur;
2671 3466 2724 3513 et
2762 3460 2808 3513 si
2858 3459 3039 3513 nullos
3087 3458 3246 3520 alios,
3278 3467 3326 3510 at
3364 3471 3460 3520 eos

1881 3552 2095 3614 saltem,
2120 3550 2212 3619 qui
2261 3551 2523 3603 minorem
2558 3557 2651 3602 aut
2698 3548 2960 3617 majorem
3006 3546 3151 3617 apud
3188 3562 3306 3614 uos,
3372 3546 3458 3601 vel

1881 3641 2097 3712 Egypti
2130 3641 2504 3711 prml‘ecturam
2550 3640 2824 3704 obierunt,
2860 3654 3001 3710 quos
3030 3655 3093 3694 ex
3123 3638 3457 3694 creditorum

1881 3730 2137 3784 comitatu
2195 3745 2354 3784 nemo
2418 3744 2527 3783 non
2604 3728 2761 3783 facile
2813 3728 3148 3799 cognoverit.
3201 3726 3267 3779 Et
3330 3728 3459 3796 quia

1881 3835 2064 3874 rerum
2096 3835 2341 3873 mearum
2367 3827 2570 3875 statum
2603 3834 2788 3883 nosse,
2821 3826 2914 3872 tua
2950 3818 3223 3873 interesse
3274 3828 3457 3887 putas,

1884 3910 2349 3979 philoSOphamur,
2374 3925 2407 3964 ο
2434 3909 2575 3965 bone
2598 3910 2703 3975 vir,
2737 3912 2999 3980 optimam
3037 3911 3104 3965 ad
3142 3910 3196 3964 id
3228 3910 3463 3979 adjutri-

1882 4018 1999 4057 cem
2042 4003 2389 4057 solitudinem
2449 4003 2626 4071 nacti;
2664 4003 2947 4057 hominum
2977 4018 3105 4058 vero
3138 4004 3411 4057 neminem
3435 4043 3450 4066 ,

1884 4112 1984 4151 nec
2023 4097 2194 4150 ullum
2248 4096 2303 4150 in
2342 4094 2511 4167 Libya
2567 4111 2810 4168 unquam
2860 4095 3063 4161 audivi,
3088 4094 3181 4164 qui
3220 4095 3462 4164 philoso-

1882 4189 2065 4258 phiam
2116 4186 2448 4242 redolentem
2502 4201 2691 4241 vocem
2755 4185 3048 4249 emitteret,
3098 4191 3461 4253 praeterquam

1883 4279 2135 4335 fortassis
2158 4281 2313 4341 echo,
2338 4295 2458 4349 quae
2479 4286 2720 4333 nostram
2741 4278 2986 4334 remittit.
3007 4276 3205 4331 Verum
3230 4291 3385 4337 orna,
3404 4283 3466 4328 ut

212 4377 312 4447 βίῳ
362 4379 453 4430 καὶ
501 4378 752 4447 βάσανον,
801 4378 849 4428 εἰ
897 4375 1030 4446 μηδὲ
1078 4373 1379 4445 ἀτυχοῦσαν
1425 4372 1775 4441 ἀπολιμπάνω

1886 4382 1969 4427 est
1990 4372 2042 4425 in
2074 4372 2386 4441 proverbio,
2405 4386 2567 4440 quam
2585 4370 2816 4426 sortitus
2839 4384 2899 4424 es
2928 4368 3202 4437 Spartam.
3221 4367 3297 4419 Ac
3323 4364 3457 4418 mihi

211 4470 548 4538 φιλοσοφίαν.
596 4470 750 4538 Ἐμοὶ
796 4468 902 4538 γὰρ
955 4469 1002 4518 εἰ
1054 4466 1240 4536 μηδεὶς
1288 4463 1444 4526 ἄλλος
1497 4461 1782 4532 μαρτυρεῖ,

211 4562 326 4615 ἀλλ’
356 4560 518 4621 αὐτὸς
548 4577 609 4627 γε
642 4560 857 4622 πάντως
889 4560 917 4610 6
948 4557 1101 4619 Θεὸς,
1139 4555 1250 4627 [γρ.
1288 4556 1505 4616 πάντως
1537 4571 1599 4621 γε
1632 4553 1660 4602 ὁ
1694 4551 1784 4623 9.]

211 4649 272 4707 οῦ
305 4653 521 4722 σπέρμα
558 4654 585 4705 6
619 4651 742 4714 νοῦς
774 4653 829 4711 ἐς
871 4648 1187 4721 ἀνθρώπους
1224 4648 1366 4718 ἥκει.
1413 4645 1564 4698 Δοκῶ
1604 4644 1660 4697 δέ
1697 4662 1788 4713 μοι

212 4746 308 4797 καὶ
334 4745 457 4806 τοὺς
486 4743 718 4812 ἀστέρας
744 4740 983 4809 εὐμενῶς
1009 4738 1330 4801 ἐνατενίζειν
1351 4735 1464 4807 [πο.
1496 4731 1785 4803 ἀτενίζειν]

213 4838 492 4899 ἑκάστοτε,
526 4836 584 4887 ὃν
618 4838 677 4887 ἐν
702 4835 916 4905 ἠπείρῳ
945 4832 1112 4900 πολλῇ
1171 4831 1330 4898 μόνον
1363 4828 1529 4899 ὁρῶσι
1584 4824 1784 4893 θεωρὸν

215 4927 397 4980 αὐτῶν
448 4928 544 4979 σὺν
598 4926 877 4993 ἐπιστήμῃ
929 4922 1232 4989 γινόμενον.
1295 4916 1555 4980 Σύνευξαι
1607 4915 1784 4968 τοίνυν

217 5020 347 5087 ἡμῖν
398 5019 455 5069 ἐν
504 5012 586 5080 οἷς
634 5017 798 5086 ἐσμεν
847 5010 1013 5066 εἶναι·
1068 5010 1247 5079 σαυτῷ
1279 5009 1334 5061 δὲ
1361 5008 1643 5061 ἀπολιπεῖν
1687 5005 1785 5075 τὴν

1890 4463 2074 4515 videor
2111 4462 2210 4515 hoc
2244 4478 2364 4516 meo
2405 4461 2515 4515 fato
2546 4461 2660 4515 fore
2691 4467 3003 4522 contentus,
3051 4472 3337 4526 meamque
3368 4471 3465 4525 pa-

1881 4553 2042 4605 triam
2092 4561 2409 4616 ornaturus,
2448 4553 2540 4622 qui
2590 4562 2867 4607 certamen
2914 4550 3017 4603 hoc
3071 4548 3193 4601 vitae
3224 4548 3467 4617 proposi-

1882 4651 1997 4696 tum
2038 4651 2092 4697 et
2128 4643 2557 4712 experimentum
2611 4642 2871 4711 arbitror,
2902 4647 3157 4692 utrumne
3190 4636 3469 4689 infelicem

1883 4733 2103 4803 quidem
2131 4732 2532 4801 philosophiam
2567 4730 2839 4785 deseram.
2864 4728 2992 4782 Mihi
3030 4728 3200 4792 enim,
3224 4735 3283 4780 ut
3316 4726 3467 4779 omni.

1889 4823 1997 4875 alio
2044 4830 2183 4876 teste
2237 4836 2471 4883 caream,
2522 4819 2665 4874 Deus
2716 4820 2833 4887 ipse
2888 4827 3067 4871 tamen
3127 4816 3284 4870 testis
3339 4816 3465 4876 erit,

1890 4914 2050 4980 cujus
2094 4928 2280 4967 semen
2321 4909 2593 4981 quoddam
2643 4923 2798 4963 mens
2829 4914 2914 4961 est
2956 4906 3271 4959 hominibus
3306 4903 3468 4974 240

1893 5005 2077 5059 insita.
2104 5006 2180 5061 Ac
2215 5019 2300 5058 me
2330 5003 2502 5057 stella:
2554 4999 2717 5055 etiam
2748 4999 2877 5071 ipsa:
2910 4996 3141 5067 benigne
3172 4994 3465 5050 identidem

1447 5165 1626 5221 DION.
1660 5160 1929 5217 PETAV'II
1962 5160 2193 5215 NOT/E.

293 5308 405 5375 (29)
444 5304 927 5375 Κατεσχημὲνοις
976 5304 1092 5358 ὑπὸ
1140 5304 1245 5357 τοῦ
1274 5304 1633 5375 δείγματος.
1679 5300 1795 5375 ῥεί-

218 5369 429 5450 γματος
485 5388 603 5451 erat
628 5369 956 5451 _'i'n"veter._
988 5374 1241 5451 duohus;
1270 5374 1323 5425 in
1354 5369 1485 5451 uno,
1538 5369 1795 5451 παραδεί-

218 5443 452 5533 γματος.
512 5445 679 5533 [lardo
713 5454 837 5515 post
874 5445 985 5506 τοῖς
1038 5443 1293 5514 ἄρξουσιν
1339 5443 1679 5496 restituimus
1727 5454 1794 5492 ex

220 5516 414 5576 iisdem
441 5516 743 5570 codicibus.

292 5588 403 5656 (30)
436 5584 549 5657 Kal
569 5584 682 5657 τὴν
700 5583 942 5657 ἐλάττω,
980 5582 1077 5635 καί
1103 5582 1217 5649 τὴν
1233 5579 1431 5657 μείξει.
1467 5578 1581 5633 Sub
1607 5577 1795 5657 Augu-

222 5647 650 5727 italis'prml'ecti
684 5654 1041 5724 dispositione
1066 5647 1200 5718 erat,
1226 5647 1301 5706 uti
1325 5651 1581 5713 diximus,
1607 5647 1794 5717 Libya,

1894 5294 2151 5354 Thebais,
2191 5291 2482 5361 lEgyptus,
2508 5298 2613 5361 etc.
2646 5291 2823 5359 Atque
2864 5288 2993 5361 huic
3032 5286 3297 5361 parebant
3323 5299 3464 5352 praa-
3512 5338 3515 5339 ν

1894 5366 2041 5419 sides
2064 5353 2707 5432 earumprovinciarum,
2735 5353 2927 5432 ἰιι-ρει
2952 5358 3012 5432 in_
3033 5353 3215 5432 Notit.
3261 5353 3461 5432 Impar.

1897 5435 2126 5493 0n'ent.,
2163 5447 2216 5485 c.
2258 5425 2378 5483 H8.
2430 5430 2534 5495 Qui
2571 5429 2754 5483 itidem
2786 5428 2909 5482 aliis
2943 5425 3248 5480 minoribus
3284 5425 3461 5495 ιιικεὶ-

1895 5487 2160 5559 amnibus
2220 5487 2511 5568 prmeraiit.
2558 5497 2675 5552 Hoc
2712 5513 2899 5569 sensu,
2955 5495 3170 5569 opinor,
3206 5487 3461 5569 μείζωόι

1893 5574 2097 5625 ἐλάττω
2122 5558 2293 5639 ἄρχ’ήν
2319 5570 2476 5631 dixit,
2513 5582 2741 5639 eamque
2766 5558 3144 5628 domesticam,
3176 5558 3263 5614 cui
3298 5558 3461 5639 aliam

1893 5642 2063 5706 addit,
2098 5636 2204 5711 τὴν
2220 5636 2554 5707 Αἰγυπτίων.
2656 5636 2667 5639 ⁷
3304 5636 3311 5641 ”
