3838 6236
377 239 516 298 NH

1457 236 1728 294 SYNESII
1766 234 2223 292 PTOLEMAIDIS
2264 222 2563 290 EPISCOi‘l

3498 223 3648 279 £472

378 358 701 430 despectare
749 356 1024 421 videntur,
1063 371 1224 427 quem
1277 357 1333 413 in
1378 356 1691 414 vastissima
1727 356 1949 428 regione

2076 353 2421 425 ιακοδαίμονα
2482 350 2709 421 ἀγορὰν,
2749 343 2795 403 ὦ
2827 347 3011 411 κακῶς
3060 347 3124 400 σὺ
3164 347 3230 416 τῇ
3277 343 3439 414 φύσει
3490 342 3650 412 χρώ-

381 454 560 507 solum
610 465 742 506 cum
789 450 1018 505 scientia
1080 449 1165 505 sui
1214 451 1696 520 contemplatorem
1741 450 1947 504 vident.

381 541 553 611 Igitur
584 540 744 595 nobis
788 538 933 594 istud
976 554 1218 608 precare,
1245 547 1305 594 ut
1332 540 1525 595 eodem
1560 542 1614 595 iu
1639 548 1787 595 statu
1820 554 1947 608 per—

382 642 729 692 severemus;
764 626 860 679 tibi
913 641 1045 680 vero
1084 633 1141 678 ιιι
1190 626 1380 682 infelix
1425 626 1603 681 forum
1647 627 1949 699 relinquas,

381 733 417 770 o
451 726 546 770 tua
568 717 797 771 abutens
828 716 1041 771 indole!
1067 715 1326 786 Equidem
1350 731 1679 788 magnopere
1710 724 1764 769 te
1791 716 1952 771 velim

384 804 563 859 adhuc
600 806 842 861 externis
885 805 1190 863 afﬂuentem
1238 808 1544 864 commodis
1587 807 1653 862 ad
1694 806 1956 861 interiora

384 896 652 951 converti.
682 894 818 949 Nam
858 897 1117 953 secundis
1145 898 1312 953 rebus
1345 906 1683 954 commutare
1726 897 1955 954 felicita-

385 993 496 1041 tem
546 1001 712 1043 aurea
745 998 834 1043 est
880 1003 985 1057 pro.
1023 989 1182 1045 aareis
1218 990 1537 1060 rependere.
1570 988 1682 1060 Ego
1714 1005 1844 1045 vero
1886 990 1963 1046 ob

386 1079 491 1134 hoc
529 1079 743 1134 irrideri
778 1095 873 1134 me
898 1079 1128 1151 gaudeo,
1146 1082 1289 1152 quod
1328 1081 1580 1152 cognatis
1607 1083 1742 1138 meis
1781 1083 1955 1151 magi-

386 1176 595 1225 stratus
655 1169 1041 1237 ambientibus,
1078 1173 1228 1228 solus
1289 1173 1433 1228 inter
1479 1174 1682 1229 multos
1714 1174 1957 1243 privatus

388 1260 672 1314 exsistam.
715 1258 973 1315 Animum
1025 1262 1169 1318 enim
1225 1262 1492 1318 virtutum
1549 1265 1697 1319 velut
1753 1262 1957 1333 stipatu

388 1350 557 1422 cingi,
583 1366 753 1421 quam
781 1366 989 1422 corpus
1026 1352 1314 1417 militibus,
1358 1354 1501 1409 malo
1520 1396 1535 1421 ,
1563 1368 1688 1409 cum
1719 1369 1959 1424 praesens

388 1457 572 1497 rerum
606 1449 788 1497 status
838 1442 1151 1512 reipublicm
1178 1442 1677 1500 adntinistratorem
1719 1445 1963 1514 philoso-

389 1531 557 1603 phum
586 1547 698 1587 non
737 1533 972 1602 amplius
998 1532 1324 1603 capiat.Sin
1355 1534 1529 1589 nihilo
1560 1534 1614 1588 in
1652 1533 1962 1589 forensibus

390 1623 624 1693 negotiis
672 1624 1015 1680 commodius
1069 1624 1327 1690 versaris,
1355 1626 1816 1695 quemadmodum
1865 1641 1960 1681 ne-

2058 462 2207 516 μενε.
2239 446 2489 500 Μάλιστα
2525 443 2623 515 μὲν
2651 439 2745 495 οὖν
2781 440 2917 508 ἀξιῶ
2944 457 3004 493 σε
3031 439 3126 494 καὶ
3154 436 3490 507 εὐροούντων
3526 433 3647 486 τῶν

2054 536 2272 601 ἔξωθεν,
2307 537 2432 590 ίδεῖν
2458 537 2539 599 είς
2566 535 2634 588 τὰ
2666 534 2817 587 είσω.
2854 532 2928 585 Τδ
2950 530 3060 601 γὰρ
3088 527 3343 598 εὐτυχίας
3375 526 3645 596 εὐδαιμο-

2055 628 2175 683 νίαν
2203 628 2315 698 (51)
2354 624 2714 690 ἀλλάξασθαι,
2750 622 2979 695 χρύσεια
3009 619 3273 692 χαλκείων
3300 617 3436 671 ἐστί.
3461 614 3648 684 Κάγὼ

2054 719 2231 789 χαίρω
2262 716 2729 786 καταγελώμενος,
2765 716 2848 767 ὅτι
2889 712 2999 765 τῶν
3033 709 3312 779 συγγενῶν
3358 707 3649 777 σπουδαρ-

2055 809 2312 881 χούντων,
2361 807 2518 878 μόνος
2557 807 2615 858 ἐν
2665 803 2876 865 πολλοῖς
2928 800 3141 871 ἰδιώτης
3184 798 3321 869 εἰμί.
3374 795 3486 866 Τὴν
3529 794 3648 865 γάρ

2054 900 2231 971 ψυχὴν
2279 900 2501 969 ἀρεταῖς
2554 893 2965 967 δορυφορεῖσθαι
3019 890 3268 962 προτιμῶ
3325 888 3550 958 μᾶλλον,
3608 886 3644 955 ἦ

2060 989 2419 1059 στρατιώταις
2451 988 2512 1041 τδ
2542 988 2722 1057 σῶμα,
2768 985 2954 1039 οὐκέτι
3000 981 3110 1036 τῶν
3141 979 3484 1052 πραγμάτων
3527 996 3646 1047 χω-

2061 1081 2295 1151 ρούντων
2325 1079 2660 1149 ἐπιμελητὴν
2684 1076 2959 1139 πολιτείας
2989 1074 3296 1144 φιλόσοφον.
3329 1071 3392 1123 Ei
3417 1069 3479 1122 δὲ
3511 1067 3646 1139 μηδ’

2058 1172 2116 1225 ἐν
2148 1174 2260 1235 τοῖς
2289 1172 2408 1225 κατ’
2443 1169 2646 1241 ἀγορὰν
2682 1168 2886 1239 βέλτιον
2929 1166 3249 1237 πέπραχας·
3283 1161 3476 1231 ὥσπερ
3512 1158 3648 1211 οὐδὲ

2058 1259 2234 1334 οἶμαι,
2278 1262 2388 1316 οὐδ’
2422 1260 2569 1314 ἐστιν
2597 1261 2687 1313 ὅτε
2714 1258 2842 1329 περὶ
2870 1257 2965 1311 σοῦ
3009 1254 3253 1327 πονηρὰς
3296 1252 3457 1322 ἔσχον
3484 1250 3649 1303 ἐλπί-

2059 1354 2175 1416 δας,
2200 1353 2276 1416 ὡς
2304 1354 2411 1422 ἀρα
2441 1352 2680 1423 ἐκστήσῃ
2717 1348 2937 1415 σαυτοῦ,
2962 1347 3055 1401 καὶ⁸
3078 1346 3378 1418 ὁμότροπος
3403 1341 3502 1411 ἔσῃ
3525 1341 3650 1401 τοῖς

2060 1444 2403 1516 εὐδοκιμοῦσι
2449 1444 2557 1497 τῶν
2602 1441 3007 1513 γραμματέων·
3057 1439 3119 1493 οὐ
3164 1439 3273 1509 γὰρ
3317 1436 3384 1490 ἂν
3425 1434 3650 1501 εἴποιμι

2059 1536 2169 1590 τῶν
2196 1536 2471 1607 ρητόρων
2505 1534 2705 1606 ἑτέρως
2751 1533 2811 1586 δέ
2855 1533 2955 1586 οὐκ
2985 1529 3099 1584 ἐστι
3134 1530 3384 1583 πλουτεῖν
3430 1526 3491 1577 ἐν
3520 1526 3652 1586 ταῖς

2062 1629 2183 1684 καθ’
2211 1630 2355 1701 ὑμᾶς
2406 1628 2655 1698 ἀγοραῖς,
2687 1626 2763 1698 μὴ
2788 1625 2965 1678 πάντα
2993 1624 3257 1696 μιγνύντα
3280 1620 3376 1674 καὶ
3400 1618 3522 1672 θεῖα
3548 1616 3653 1669 καὶ

388 1730 499 1784 que
527 1714 757 1783 opinor;
782 1729 884 1769 nec
925 1716 1069 1771 male
1113 1716 1181 1771 de
1224 1723 1279 1771 te
1304 1694 1546 1786 unquam
1587 1718 1825 1787 speravi,
1846 1717 1964 1773 fore

2076 1694 2386 1792 ἀνθρώπινα
2425 1694 2631 1784 δίκαια,
2661 1694 2762 1772 έαὶ
2787 1694 3050 1790 κέρκωπα
3091 1715 3205 1769 ἀντ’
3237 1710 3529 1780 ἐλευθέρου
3559 1725 3657 1778 για

391 1814 453 1861 ut
485 1821 522 1860 a
541 1813 595 1860 te
621 1805 741 1875 ipso
769 1805 1120 1870 dissentires,
1147 1813 1202 1862 et
1248 1808 1589 1864 notariorum
1621 1809 1850 1864 istorum
1892 1810 1968 1865 si-

391 1897 543 1951 milis
596 1906 768 1962 esSes,
804 1898 899 1967 qui
954 1897 1236 1953 hominum
1287 1914 1537 1954 sermone
1584 1900 1966 1964 celebrantur,

391 2002 570 2058 neque
615 1988 761 2043 enim
796 1996 1077 2044 oratorum
1121 1987 1372 2044 dixerim.
1421 1988 1501 2053 Si,
1533 1989 1778 2059 inquam,
1818 1989 1968 2044 nulla

389 2077 501 2131 alia
540 2080 595 2133 in
632 2086 823 2134 vestro
867 2078 989 2134 foro
1013 2079 1232 2135 ditandi
1257 2080 1343 2137 sui
1393 2079 1534 2135 ratio
1574 2089 1677 2146 est,
1712 2094 1876 2151 quam
1920 2079 1965 2135 si

388 2168 575 2224 divina
613 2170 795 2225 omnia
841 2178 896 2225 et
932 2171 1171 2227 humana
1204 2172 1339 2242 jura
1367 2172 1722 2237 misceantur,
1765 2180 1820 2227 et
1870 2187 1977 2243 pro

392 2260 588 2323 libero,
618 2271 782 2332 atque
819 2262 1088 2333 ingenuo,
1116 2272 1389 2320 veterator
1433 2264 1631 2335 aliquis
1659 2262 1964 2320 efﬁciatur:

392 2352 438 2406 si
485 2352 654 2423 igitur
682 2368 751 2409 ne
798 2353 1001 2409 ditaris
1020 2356 1271 2426 quidem,
1301 2356 1476 2411 multo
1503 2357 1678 2427 magis
1720 2355 1969 2426 philoso-

393 2444 576 2514 phiam
620 2446 850 2515 respice.
892 2446 1051 2513 Quod
1097 2448 1144 2503 si
1214 2448 1487 2504 hominem
1537 2457 1731 2503 nactus
1776 2448 1967 2512 fueris,

388 2534 487 2605 qui
543 2542 777 2604 strenue
819 2534 1142 2607 fortiterque
1196 2538 1615 2610 philosophetur
1646 2577 1671 2603 ,λ
1716 2536 1784 2591 ad
1845 2553 1969 2593 eum

392 2638 527 2679 vero
577 2626 1033 2695 investigandum,
1074 2634 1129 2681 ct
1175 2624 1463 2693 Graciam,
1507 2637 1562 2683 et
1612 2629 1970 2684 barbarorum

391 2730 525 2770 oras
567 2728 878 2785 peragrare,
921 2716 1147 2772 minime
1182 2718 1690 2786 reprehendendum
1758 2718 1967 2773 fuerit:

395 2805 483 2861 fac
515 2806 589 2860 ita
619 2807 779 2862 nobis
809 2807 1051 2862 oblatum
1084 2808 1227 2864 istud
1270 2810 1486 2864 lucrum
1522 2810 1824 2880 impertias.
1850 2809 1969 2873 Sin,

394 2898 545 2953 velut
600 2898 655 2952 in
703 2913 934 2953 annona:
984 2900 1292 2963 sterilitate,
1345 2915 1446 2956 nos
1506 2901 1603 2955 tibi
1654 2901 1973 2957 satisfacere

395 3004 560 3061 posse
598 2989 911 3057 videamur;
938 2990 1084 3058 veni,
1128 3000 1185 3045 et
1222 2991 1395 3047 nostri
1427 3000 1481 3045 et
1510 2997 1824 3048 nostrorum
1852 3008 1974 3046 om-

2068 1814 2312 1883 νόμενον.
2349 1813 2412 1866 Εἰ
2444 1811 2620 1866 τοίνυν
2651 1810 2771 1865 οὐδὲ
2801 1810 3070 1873 πλουτεῖς.
3099 1807 3180 1861 ἐτι
3215 1805 3416 1878 μᾶλλον
3440 1803 3524 1867 είς
3560 1819 3657 1871 φτ·

2066 1904 2323 1976 λοσοφίαν
2367 1904 2461 1959 ἴδε.
2503 1903 2620 1959 Κᾶν
2665 1903 2763 1974 μέν
2789 1901 3019 1973 ἐντύχῃς
3060 1900 3214 1969 ἀνδρὶ
3242 1895 3513 1957 συντόνως
3550 1895 3651 1963 ἐρ-

2066 1996 2353 2068 γαζομένῳ
2379 1995 2694 2067 φιλοσοφίαν
2743 1993 3117 2066 (ἀνεμέσητον
3161 1990 3276 2063 [τρ-
3306 1989 3369 2042 οὐ
3409 2001 3650 2056 πνέων

2067 2089 2179 2163 τὸν]
2210 2090 2267 2144 δὲ
2292 2090 2691 2162 ἐκπερινοστεῖν
2716 2087 2810 2141 καὶ
2840 2085 2937 2156 τὴν
2978 2082 3205 2137 Ἑλλάδα
3234 2081 3332 2134 καὶ
3383 2078 3487 2147 τὴν
3516 2075 3648 2146 βάρ-

2068 2182 2236 2253 ϐαρον
2261 2181 2355 2235 ἐπὶ
2378 2182 2523 2253 θήρᾳ
2548 2178 2787 2251 τοιᾷδε),
2820 2175 2913 2231 καὶ
2946 2176 3077 2246 ἡμῖν
3101 2171 3164 2226 τὸ
3193 2170 3425 2242 ἕρμαιον
3462 2164 3649 2220 κοίνω-

2070 2292 2181 2329 σαι.
2212 2274 2274 2328 Ei
2299 2274 2354 2326 δὲ
2381 2272 2456 2336 ὡς
2483 2273 2539 2326 ἐν
2562 2268 2826 2342 αὐχμώσῃ
2874 2270 2939 2338 τῇ
2970 2266 3130 2335 φορᾷ,
3157 2264 3251 2317 καὶ
3275 2262 3439 2333 ἡμεῖς
3458 2257 3649 2330 ἀρκεῖν

2070 2384 2154 2421 σοι
2181 2365 2464 2435 δοκοῦμεν,
2491 2357 2592 2435 ἧκε
2640 2360 2878 2433 μεθέξων
2917 2358 3009 2412 καὶ
3038 2356 3194 2429 ἡμῶν
3234 2354 3330 2408 καὶ
3358 2351 3469 2405 τῶν
3508 2351 3648 2419 ἡμιε-

2068 2457 2263 2529 τέρων,
2317 2456 2411 2508 ἐπὶ
2464 2454 2535 2507 τὰ
2591 2454 2682 2507 ίσα
2738 2450 2834 2505 καὶ
2881 2449 2949 2503 τὰ
2998 2449 3158 2516 ὃμοια
3206 2443 3345 2516 (52),
3393 2440 3533 2511 φησι
3587 2437 3651 2491 τὸ

2069 2548 2305 2619 γράμμα
2332 2545 2394 2600 τὸ
2441 2542 2776 2599 Λακωνικόν.
2832 2540 3101 2611 Πρόσειπε
3146 2536 3278 2606 παρ’
3322 2531 3459 2604 ἐμοῦ
3507 2530 3651 2583 πάνυ

2071 2636 2242 2692 πολλά
2265 2636 2358 2691 τὸν
2387 2632 2827 2706 σεϐασμιώτατον
2851 2628 3166 2702 Μαρκιανόν
3189 2644 3202 2659 ο
3244 2626 3307 2680 ὃν
3348 2627 3398 2678 εί
3440 2622 3654 2693 προλα-

2072 2729 2182 2781 ϐὼν
2223 2726 2560 2798 ’Δριστείδην
2601 2724 2805 2795 Ἑρμοῦ
2849 2721 3027 2791 λογίου
3074 2718 3245 2773 τύπον
3281 2716 3394 2788 (33)
3442 2716 3525 2777 είς
3563 2714 3661 2767 ἀν-

2074 2817 2324 2889 θρώπους
2374 2817 2511 2887 ἔφην
2564 2815 2875 2888 ἐληλυθέναι
2905 2852 2921 2875 ,
2987 2812 3139 2883 μόλις
3192 2810 3259 2864 ἂν
3315 2807 3511 2877 ἔτυχον
3558 2805 3662 2873 τῆς

2072 2908 2249 2974 ἀξίας,
2298 2909 2380 2963 ὅτι
2423 2906 2585 2960 πλέον
2629 2907 2776 2958 ἐστὶν
2812 2904 2846 2974 ἢ
2880 2901 3070 2967 τύπος.
3134 2897 3456 2968 Ἐπιστολὴν
3502 2896 3561 2948 δέ
3600 2892 3663 2958 ἐξ

2073 3000 2289 3062 εὐθείας
2325 2997 2461 3067 πρὸς
2490 2996 2652 3052 αύτδν
2694 2994 2997 3060 ἐπιθεῖναι,
3047 2992 3225 3047 καίτοι
3277 2986 3665 3062 προθυμηθεὶς

396 3079 548 3133 nium
597 3079 873 3151 particeps
927 3080 1169 3147 futurus,
1193 3080 1326 3135 dum
1375 3095 1535 3150 aequo
1584 3089 1747 3151 atque
1777 3081 1968 3137 eodem

2076 3089 2391 3163 ἐνάρκησα,
2437 3088 2524 3141 ἵνα
2583 3087 2656 3157 μὴ
2716 3084 2946 3147 εὐθύνας
2994 3082 3220 3151 ὑπόσχω
3274 3082 3394 3142 τοῖς
3459 3075 3669 3129 πανδέ-

393 3169 521 3239 jure
570 3169 715 3224 istud
750 3169 948 3237 facias,
982 3179 1044 3226 ut
1090 3170 1146 3226 in
1187 3169 1724 3227 Lacedaemoniorum
1763 3173 1970 3242 scripto

2076 3196 2225 3242 κταις
2273 3178 2408 3250 (54),
2434 3179 2549 3241 τοῖς
2582 3174 3011 3246 ἀποσμιλεύουσι
3039 3172 3110 3226 τὰ
3134 3170 3402 3240 ὀνόματα.
3441 3167 3519 3221 Οὐ
3551 3166 3669 3236 γὰρ

398 3260 731 3316 continetur.
786 3260 1030 3318 Salutem
1090 3278 1214 3318 meo
1284 3262 1523 3331 nomine,
1573 3264 1736 3319 etiam
1808 3273 1970 3334 atque

2076 3269 2261 3341 μικρὸς
2306 3270 2335 3321 ὁ
2378 3266 2623 3330 κίνδυνος
2652 3268 2710 3321 ἐν
2740 3265 2820 3337 τῷ
2862 3261 3208 3334 Πανελληνίῳ
3233 3259 3333 3332 τὴν
3366 3256 3673 3325 ἐπιστολὴν

395 3351 563 3406 etiam
616 3352 895 3422 impei'tias
948 3354 1247 3409 venerabili
1313 3354 1590 3425 imprimis
1642 3354 1966 3411 Marciano:

400 3456 564 3511 quem
591 3442 638 3499 si
664 3454 789 3499 ante
810 3446 1106 3503 Aristidem
1133 3444 1388 3501 Mercurii
1425 3444 1799 3501 doctrinarum
1828 3462 1969 3516 prae»

401 3532 541 3589 sidis
592 3542 780 3605 typum
849 3535 920 3591 ad
979 3537 1231 3593 homines
1306 3537 1621 3607 pervenisse
1682 3536 1972 3603 dixissem,

403 3640 512 3680 non
540 3641 718 3682 essem
755 3627 879 3697 eius
912 3628 1165 3684 meritum
1196 3637 1506 3686 assecutus.
1533 3627 1665 3685 Plus
1697 3630 1841 3684 enim
1875 3630 1980 3684 ali-

402 3716 536 3787 quid
579 3723 683 3782 est,
726 3733 889 3787 quam
942 3728 1128 3790 typus.
1170 3717 1470 3790 Epistolam
1514 3721 1581 3774 ad
1618 3720 1797 3791 ipsum
1832 3729 1978 3776 recta

404 3809 623 3865 mittere
669 3811 773 3866 etsi
821 3812 1057 3866 maxime
1103 3811 1319 3875 vellem,
1351 3826 1467 3866 non
1521 3827 1645 3867 sum
1693 3827 1884 3878 ausus,
1913 3827 1981 3867 ne

404 3902 558 3955 varia
601 3902 911 3958 eruditione
951 3902 1171 3959 refertis
1212 3903 1320 3960 illis
1351 3903 1493 3959 ratio
1537 3902 1668 3957 mihi
1710 3902 1985 3958 reddenda

2065 3360 2499 3431 ἀναγνωσθῆναι.
2526 3358 2692 3412 Καλῶ
2724 3358 2831 3429 γὰρ
2859 3356 2999 3410 οὕτω
3024 3355 3114 3408 τὸν
3136 3354 3327 3418 τόπον,
3354 3355 3417 3405 ἐν
3455 3346 3503 3419 ᾧ
3538 3352 3676 3404 πολ-

2069 3452 2225 3516 λάκις
2277 3450 2570 3522 ἐφρόντισα
2615 3452 2714 3514 τὰς
2755 3449 2977 3521 βαρείας
3002 3444 3311 3517 φροντίδας,
3345 3443 3458 3497 τῶν
3488 3444 3676 3497 ἀπαν-

2071 3542 2299 3613 ταχόθεν
2321 3542 2623 3611 ἐλλογίμων
2654 3540 2963 3604 συνιόντων,
2995 3536 3079 3606 ἐφ’
3103 3529 3148 3604 ᾧ
3178 3536 3277 3606 τῆς
3310 3534 3466 3605 ἱερᾶς
3500 3531 3678 3587 ἀκοῦ-

2075 3651 2165 3689 σαι
2218 3631 2310 3687 τοῦ
2358 3632 2673 3703 ιιιιρεσόύτου⁴
2710 3632 2913 3701 φωνῆς,
2946 3629 3150 3684 παλαιά
3206 3626 3304 3680 καὶ
3344 3626 3445 3679 νέα
3498 3642 3678 3679 κατα-

2078 3724 2459 3796 μαστευούσης
2505 3724 2839 3794 διηγήματα.
2941 3718 3103 3773 Ἀλλά
3157 3718 3255 3771 καὶ
3298 3716 3394 3770 τδν
3448 3718 3677 3786 ἑταῖρον

2080 3816 2419 3887 Εὐχάριστον
2454 3815 2665 3887 χαίρειν
2691 3814 2944 3868 κέλευσον
2973 3812 3104 3884 παρ’
3129 3807 3289 3880 ἐμοῦ,
3318 3808 3418 3862 καὶ
3457 3808 3673 3872 πάντας

2086 3906 2245 3969 ὅσους
2268 3903 2417 3970 ἀξιον

403 4003 572 4061 esset,
604 3996 699 4066 qui
737 3997 959 4069 voculas
999 4011 1191 4053 omnes
1224 3998 1291 4053 ad
1320 3998 1504 4054 vivum
1541 4005 1817 4053 resecant.
1846 3996 1964 4054 Non
2000 4014 2190 4070 parum
2245 4001 2391 4057 enim
2440 4000 2676 4072 periculi
2698 4006 2823 4067 est,
2864 4012 2935 4054 ne
2969 3998 3025 4052 in
3065 3996 3237 4052 totius
3272 3993 3503 4049 Graecia:
3535 4008 3673 4049 con.-

406 4095 570 4142 ventu
614 4089 847 4159 epistola
888 4089 1120 4160 legatur.
1162 4091 1238 4144 Ita
1273 4089 1430 4161 251
1457 4091 1603 4146 enim
1646 4090 1825 4145 locum
1866 4105 1992 4145 eum
2032 4094 2281 4161 appello,
2328 4092 2420 4147 ubi
2473 4107 2617 4162 saepe
2659 4106 2865 4161 graves.
2894 4103 3060 4144 curas
3110 4086 3354 4156 suscepi.
3424 4083 3672 4153 undique

405 4177 691 4233 doctorum
714 4179 998 4236 hominum
1020 4181 1274 4263 afﬂuente
1295 4183 1473 4252 copia,
1493 4182 1561 4237 ad
1589 4197 1801 4238 sacram
1827 4185 1985 4241 senis
1998 4200 2188 4241 vocem
2221 4185 2570 4249 audiendam,
2598 4199 2723 4255 qua:
2741 4191 2925 4238 vetera
2947 4197 3010 4236 ac
3033 4179 3296 4244 recentia,
3328 4178 3518 4231 omnia
3550 4190 3674 4245 per-

408 4276 708 4326 serutatul'.
723 4271 833 4329 Sed
848 4282 903 4329 et
923 4274 1163 4330 sodalem
1188 4291 1369 4331 meum
1392 4274 1774 4332 Eucharistum
1791 4278 2001 4334 salvere
2020 4294 2052 4333 a
2075 4294 2161 4335 me
2189 4279 2407 4350 iubeas,
2435 4293 2737 4348 omnesque
2763 4293 2906 4346 quos
2930 4291 3143 4346 aequum
3172 4288 3297 4329 esse
3308 4270 3683 4343 iudicaveris-

944 4363 1279 4421 EPISTOLA
1327 4366 1438 4424 Cll.

1089 4456 1299 4512 Eidem.

480 4545 815 4601 Commendo
845 4546 1102 4603 amicitia:
1130 4548 1547 4620 patrocinioque
1584 4558 1679 4606 tuo
1706 4555 1988 4624 egregium

412 4635 719 4702 Sosenam,
771 4640 860 4694 cui
900 4641 1123 4711 quidem
1171 4642 1314 4697 inter
1372 4641 1697 4713 disciplinas
1755 4646 1989 4701 educato

411 4735 467 4782 et
494 4729 702 4796 adulto,
736 4730 959 4787 fortuna
992 4747 1337 4805 nequaquam
1368 4747 1468 4803 pro
1508 4734 1721 4791 meritis
1762 4750 1991 4807 respon-

2008 4373 2055 4428 D

2612 4369 2962 4427 EIUZTOAH
3007 4366 3130 4420 PB".

2725 4460 2810 4525 Τῷ
2840 4457 3022 4524 αὐτῷ.

2153 4552 2446 4623 Συνίστημι
2491 4552 2556 4623 τῇ
2604 4551 2757 4622 φιλίᾳ
2798 4552 2892 4605 καὶ
2919 4552 2984 4621 τῇ
3016 4547 3323 4619 προστασίᾳ
3351 4549 3421 4617 τῇ
3458 4548 3528 4617 σῇ
3580 4544 3679 4598 τὸν

2087 4644 2393 4715 θαυμάσιον
2418 4644 2676 4713 Σωσηνᾶν
2696 4658 2710 4672 ·
2740 4635 2784 4710 ᾧ
2807 4642 2908 4712 τὴν
2945 4641 3030 4695 διὰ
3054 4639 3237 4708 λόγων
3256 4637 3553 4709 τραφέντι,
3583 4638 3683 4691 καὶ

2087 4734 2394 4805 αὐξηθέντι,
2428 4735 2501 4789 τὰ
2520 4732 2987 4808 παράτῆςττύχης
3014 4732 3117 4787 οὐκ
3143 4731 3362 4801 ἀπαντᾷ
3403 4730 3559 4783 κατά
3586 4728 3689 4782 λό-

1638 4888 1822 4945 DION.
1858 4888 2134 4946 PETAVII
2171 4889 2402 4948 NOTE.

490 5043 603 5111 (5i)
644 5044 713 5096 Τὸ
748 5044 858 5112 γὰρ
894 5045 1197 5113 εὐτυχίας
1237 5044 1642 5113 εὐδαιμονίαν.
1694 5041 1988 5113 Perperam

419 5111 708 5195 hactenus,
745 5111 972 5195 ἀτυχίας
1002 5111 1365 5195 εὐδαιμονίαν.
1401 5111 1518 5195 Nos
1541 5111 1882 5195 germanam
1916 5112 1992 5192 le-

419 5181 660 5235 ctionem
689 5179 1062 5250 praeeuntibus
1110 5179 1391 5239 veteribus
1427 5179 1785 5238 reddidimus.
1821 5179 1994 5235 Nimi-

421 5264 543 5321 rum
569 5250 791 5321 εὐτυχία
816 5252 885 5306 ad
917 5263 1266 5308 externorum
1300 5254 1571 5308 bonorum
1622 5253 1837 5321 copiam
1869 5264 1994 5321 per-

424 5320 587 5393 tinet,
613 5319 928 5393 εύδαιμονία
958 5322 1013 5375 in
1064 5322 1298 5393 internis
1329 5322 1603 5393 animique
1637 5319 1884 5393 propriis
1908 5334 1996 5375 se-

424 5386 925 5460 deuLhabetQVide
954 5400 1097 5444 orat.
1133 5391 1209 5445 De
1241 5407 1420 5460 regno.

342 5464 355 5483 ’
499 5455 608 5520 (ὅὲ)
651 5458 781 5514 Ἐπί
802 5461 874 5513 τὰ
898 5460 1004 5529 ἴσα
1031 5460 1133 5529 καὶ
1156 5460 1228 5512 τὰ
1263 5455 1452 5529 ὅμοια.
1492 5459 1609 5514 Non
1640 5459 1833 5514 dubito
1857 5456 1988 5529 quin

428 5533 890 5608 ςξιιξτει,νθιε,ι;ιιιη
929 5527 1411 5608 ίὶιΙοωἈΙΕεοιιίΙυηι
1443 5531 1535 5608 sit,
1559 5530 1744 5608 tnta;
1759 5530 1872 5608 ξσᾳε
1896 5527 1991 5607 καὶ

430 5593 500 5658 τᾷ
530 5593 708 5665 ὁμοίᾳ.
757 5596 856 5653 Est
897 5596 1043 5653 enim
1078 5593 1360 5655 Dorismus
1384 5610 1437 5655 et
1471 5593 1731 5659 Laconici
1767 5593 1987 5654 faéderis

2090 5041 2353 5097 formula.

2161 5110 2274 5180 (33)
2326 5108 2766 5180 Ἑρμοῦ-λογίου
2789 5107 3000 5180 τύπον.
3017 5103 3155 5161 Vide
3167 5101 3297 5161 Jun.
3329 5104 3511 5178 Adag.
3537 5105 3695 5163 Har-

2090 5176 2236 5249 ciani
2255 5176 2485 5249 quoque
2511 5176 2759 5249 meminit
2791 5176 3012 5249 Suida_s.

2162 5242 2299 5319 (ὅθ’
2325 5242 2459 5314 Τοῖς
2501 5245 2881 5319 πανδέκταις.
2950 5243 3118 5319 Totus
3175 5242 3268 5319 hic
3311 5244 3479 5319 locus
3509 5245 3691 5319 _apnd

2096 5313 2323 5372 Suidam
2367 5313 2547 5372 exstat
2575 5317 2726 5370 nullo
2767 5316 3013 5369 auctoris
3061 5314 3285 5385 nomine
3335 5313 3680 5385 descriptus.

2093 5387 2395 5443 Pandectas
2432 5386 2688 5441 existimo
2718 5385 2974 5439 homines
3022 5381 3288 5452 appellari
3339 5384 3501 5438 varia
3532 5381 3685 5438 'ern-

2095 5457 2305 5512 ditione
2348 5455 2601 5517 refertos,
2650 5453 3015 5509 translatione
3065 5452 3334 5520 quadam,
3372 5454 3529 5509 sicut
3561 5453 3691 5509 libri

2096 5526 2345 5583 nonnulli
2376 5524 2669 5579 πανδέκται
2695 5522 2968 5593 inscripti.
2999 5519 3141 5579 Plin.
3182 5519 3357 5575 Praef.-
