3838 6236
244 319 388 377 ιιιτδ

1429 319 1810 378 ΕΡΙΞΤΟΗΕ.
1849 350 1918 361 -
1959 318 2334 376 EPIST.ClIl.

3351 319 3492 376 “75

248 450 364 503 γον.
399 433 648 486 Αίτιᾶται
691 433 757 504 δὴ
803 434 898 503 τὴν
943 434 1044 504 τῆς
1087 435 1344 506 πατρίδος
1372 437 1668 508 ἀκληρίαν·
1724 438 1816 490 καὶ

1941 435 2031 491 let.
2061 435 2138 490 Ac
2173 435 2362 505 patriae
2409 434 2500 490 ille
2537 433 2760 506 quidem
2814 433 3191 490 infelicitatem
3241 435 3492 502 incusat;

248 523 426 576 πείθει
451 540 536 585 τις
579 522 740 576 αὐτὸν
777 521 954 590 λόγος,
987 524 1062 586 ὡς
1113 523 1225 576 ἔστι
1270 523 1702 593 συμμεταϐαλεῖν
1745 523 1821 593 τῷ

246 613 434 682 χωρίῳ
471 613 570 683 τὴν
599 613 789 684 τύχην.
832 612 1108 680 ’Λφίξεται
1154 613 1210 665 δὲ
1257 616 1407 684 παρά
1452 614 1550 685 τὴν
1596 615 1821 684 ἔχουσαν

247 703 339 754 τὸν
375 700 598 770 βασιλέα
634 702 804 764 πόλιν,
837 701 915 765 ὼς
944 702 1077 755 ὃπου
1110 703 1383 774 βασιλεὺς,
1422 705 1539 757 ἐκεῖ
1564 707 1658 758 καὶ
1679 704 1822 758 πάνυ

248 795 347 863 τῆς
375 793 546 862 τύχης
587 792 774 860 οὔσης,
816 795 910 847 καὶ
952 795 1114 864 τυχὸν
1160 795 1601 866 ἐπιγνωσομένης
1639 795 1820 850 αὐτόν.

250 885 312 936 Εἰ
346 883 407 952 δή
454 883 539 947 τίς
590 901 672 935 σοι
702 883 950 953 δύναμις,
1001 883 1314 935 συντέλεσον
1353 879 1502 952 αύτῷ
1544 881 1680 953 πρὸς
1715 882 1743 934 ὃ
1771 899 1824 934 τι

253 973 520 1043 βούλεται.
572 973 674 1026 Σοῦ
720 974 829 1045 γάρ
861 973 1009 1038 ἄξιον
1043 974 1105 1027 τὸ
1131 975 1224 1026 καὶ
1255 973 1531 1038 δύνασθαι,
1563 974 1657 1028 καὶ
1699 973 1825 1036 τοὺς

249 1067 542 1137 δεομένους
588 1068 903 1121 συνιστάναι
950 1069 1017 1138 τῇ
1054 1067 1232 1138 ἀγαθῇ
1277 1067 1436 1140 τύχῃ.
1484 1067 1607 1121 Ἐἀν
1638 1065 1826 1139 δέηται

250 1158 359 1212 τῶν
390 1176 470 1212 σοι
500 1159 687 1228 φίλων,
716 1159 876 1223 αὐτὸς
902 1159 1211 1230 προσοίσεις
1241 1159 1422 1214 αὐτόν.

715 1359 1060 1413 ΕιιιΣτοΑιι
1096 1360 1195 1412 PI"
1235 1359 1367 1430 (35).

892 1473 978 1538 Τῷ
1011 1473 1195 1539 αὐτῷ.

327 1567 402 1618 Οὐ
442 1565 517 1635 μὰ
549 1564 640 1617 τὸν
675 1564 850 1634 φίλιον
882 1565 975 1617 τὸν
1003 1565 1134 1635 ἐμόν
1164 1582 1225 1619 τε
1250 1566 1342 1619 καὶ
1373 1565 1602 1629 σὺν,οὐκ
1629 1565 1826 1635 ἔγωγε,

251 1648 299 1709 ὧ
333 1655 687 1725 Πυλαίμενες,
718 1653 1024 1723 ἀπέσκωψά
1068 1672 1159 1707 σου
1200 1653 1299 1726 τὴν
1332 1657 1409 1715 είς
1438 1655 1536 1727 τήν
1577 1655 1831 1724 ἐνεγκοῦ-

253 1768 356 1804 σαν
402 1750 632 1803 εὔνοιαν.
666 1750 778 1818 Οὐχ
825 1748 999 1811 οὕτως
1045 1748 1235 1807 ἄπολις
1282 1749 1397 1818 εἰμί
1434 1766 1553 1812 τις,
1584 1749 1705 1802 οὐδὲ
1737 1749 1831 1801 ἀν-

257 1841 465 1904 έστιος*
493 1838 626 1892 ἀλλὰ
654 1838 717 1890 σὺ
750 1837 938 1900 κακῶς
967 1837 1190 1904 ἐξεδέξω
1215 1838 1304 1891 τὸν
1332 1837 1454 1891 νοῦν
1485 1839 1585 1907 τῆς
1617 1839 1832 1892 ἐπιστο-

248 1931 390 2001 λῆςο
423 1932 513 1984 καὶ
547 1929 932 2000 κατηγόρηκας
959 1928 1118 1999 ήμῶν
1153 1928 1289 1982 ἄττα
1331 1930 1431 1982 οὐκ
1476 1929 1644 1995 ἀξιον.
1690 1927 1834 1998 Ἐγὼ

251 2025 364 2093 γὰρ
393 2024 472 2075 ὅτι
503 2023 600 2092 μὲν
635 2019 963 2092 Ἡρακλείας
985 2021 1136 2091 ἐρᾷς,
1167 2021 1261 2073 καὶ
1291 2019 1567 2090 πρόθυμος
1586 2017 1635 2073 εἷ
1662 2022 1834 2076 ποιεῖν

254 2132 308 2166 τι
337 2115 434 2184 τὴν
465 2113 620 2166 πόλιν
650 2113 875 2181 ἀγαθὸν,
909 2111 1138 2165 ἐπαινῶ.
1175 2112 1312 2174 Τοὺς
1339 2111 1528 2180 λόγους
1550 2112 1594 2165 δ’
1617 2113 1833 2166 ἐποιού-

255 2223 366 2276 μην
395 2206 542 2276 ὑπὲρ
587 2205 683 2258 τοῦ
715 2205 825 2258 δεῖν
869 2203 1190 2257 ἀνθελέσθαι
1233 2203 1545 2272 φιλοσοφίαν
1573 2205 1674 2274 τῆς
1705 2206 1835 2273 ἀγο-

251 2298 413 2366 ραίου
455 2296 658 2366 ταύτης
690 2295 994 2367 διατριϐῆς.
1047 2290 1177 2347 Εἶτα
1213 2294 1277 2347 σύ
1330 2312 1420 2364 μοι
1451 2295 1644 2360 δοκεῖς,
1679 2296 1836 2363 δίκας

253 2386 532 2456 ἀγορεύων
579 2383 696 2456 [πο.
731 2386 778 2437 εί
811 2384 966 2447 δίκας
1001 2382 1330 2454 ἀγορεύεις],
1365 2383 1572 2437 οἴεσθαι
1609 2385 1830 2454 μᾶλλον,

255 2477 289 2547 ἢ
325 2475 652 2545 φιλοσοφῶν,
675 2473 1090 2545 ὡφελιμώτερος
1107 2474 1322 2527 ἔσεσθαι
1356 2477 1421 2546 τῇ
1452 2475 1691 2545 πατρίδι.
1713 2475 1836 2539 Πῶς

254 2567 450 2630 τοῦτο;
482 2567 604 2618 ’Ότι
633 2564 726 2619 τοῦ
762 2564 837 2635 μὴ
886 2565 1296 2634 μετατεθεῖσθαί
1330 2563 1443 2635 [γρ.
1484 2564 1833 2638 μεταθέσθαι]

257 2675 352 2710 σου
377 2657 474 2726 τὴν
508 2654 846 2725 προαίρεσιν,
878 2655 1087 2724 ᾐτιάσω
1115 2655 1178 2707 τὸ
1211 2655 1310 2723 τῆς
1341 2653 1567 2724 γνώμης
1607 2654 1838 2723 φιλόπα-

254 2765 368 2818 τρι.
400 2745 558 2799 Τοῦτ’
590 2741 684 2799 οὖν
716 2745 1042 2814 ἀπέσκωψα,
1079 2746 1170 2798 καὶ
1206 2745 1327 2814 ούχὶ
1357 2745 1456 2816 τὴν
1485 2745 1716 2808 εὖνοιαν,
1754 2745 1836 2799 ὅτι

255 2839 443 2902 κακῶς
489 2839 592 2892 οίει
633 2836 914 2909 προύργου
949 2837 1030 2889 σοί
1057 2854 1112 2889 τι
1152 2839 1402 2908 ποιήσειν
1431 2839 1511 2901 εἰς
1540 2839 1631 2891 τὸν
1674 2837 1837 2891 καλὸν

256 2931 443 2984 τοῦτον
475 2930 674 3000 ἔρωτα,
703 2928 764 2981 τὸ
793 2926 1177 2998 προσεδρεύειν
1208 2931 1329 2990 ταῖς
1361 2927 1560 2991 δίκαις.
1591 2929 1700 2982 Καὶ
1728 2927 1836 2998 γὰρ

257 3026 307 3076 εί
339 3023 555 3092 λέγοιμι
600 3019 916 3090 φιλοσοφίαν
965 3019 1156 3088 ἱκανήν
1195 3014 1332 3071 εἶναι
1378 3020 1475 3082 τάς
1522 3019 1704 3080 πόλεις
1744 3019 1836 3089 ὀρ·

1918 537 1972 581 ct
2005 528 2267 580 nonnulla
2297 527 2423 580 huic
2462 527 2647 596 opinio
2687 526 2982 595 persuadet
3009 541 3173 594 posse
3220 524 3494 580 fortunam

1921 632 2026 671 uua
2055 631 2179 671 cum
2220 618 2341 671 ioco
2369 619 2591 671 mutari.
2652 616 2831 672 lturus
2873 625 2958 673 est
3005 632 3133 687 ergo
3186 617 3390 686 regiam
3439 615 3495 670 in

1919 707 2399 776 civilatem,quasi
2440 707 2535 771 ibi,
2586 708 2675 762 tibi
2716 718 2799 761 est
2845 708 3159 776 imperator,
3184 707 3346 761 etiam
3387 705 3498 759 for-

1922 806 2050 851 tuna
2087 797 2202 867 ipsa
2235 799 2512 866 resideat;
2558 807 2611 855 et
2650 800 2901 855 fortassis
2929 815 3053 854 eum
3106 799 3360 869 agnitura
3401 800 3493 854 sit.

1924 885 1980 940 Si
2014 885 2145 956 quid
2177 887 2345 958 igitur
2395 889 2450 943 in
2500 897 2556 944 te
2593 892 2880 960 potestatis
2923 899 3030 954 est,
3069 889 3384 960 adjumento
3423 893 3500 944 sis

1922 976 1972 1031 ei
2002 981 2070 1031 ad
2105 977 2158 1032 id
2188 993 2350 1033 omne
2379 980 2529 1050 quod
2560 982 2810 1035 voluerit.
2859 981 2934 1036 Te
2977 983 3120 1037 enim
3167 981 3389 1052 dignum
3417 990 3501 1036 est

1922 1073 1977 1121 et
2005 1083 2167 1137 posse
2195 1068 2508 1138 plurimum,
2541 1081 2593 1125 et
2623 1073 2716 1140 qui
2758 1073 2899 1126 istud
2927 1073 3259 1137 desiderent,
3285 1071 3498 1126 meliori

1925 1155 2156 1213 fortuna;
2182 1159 2586 1216 commendare.
2618 1162 2774 1227 Quod
2817 1163 2861 1218 si
2912 1165 2960 1220 ei
3005 1165 3196 1222 amicis
3220 1165 3328 1220 tuis
3360 1179 3502 1233 opus

1921 1257 2030 1314 est,
2063 1256 2178 1305 tute
2207 1250 2316 1307 illis
2353 1251 2530 1322 ipsum
2561 1252 2775 1308 offeres.

2464 1362 2800 1420 EPISTOLA
2832 1366 2966 1423 CIII.

2615 1471 2819 1526 Eidem.

2009 1559 2126 1615 Non
2151 1577 2249 1632 per
2271 1562 2524 1618 amicitia:
2544 1572 2648 1618 tua:
2669 1579 2907 1633 meaeque
2929 1563 3236 1633 praesidem,
3255 1579 3364 1617 non
3379 1577 3502 1634 ego,

1928 1668 1962 1707 ο
2000 1652 2359 1723 Pylaemenes,
2408 1665 2556 1708 tuam
2608 1655 2662 1710 in
2715 1654 2944 1724 patriam
3001 1655 3323 1709 charitatem
3381 1671 3503 1710 sum

1862 1776 1905 1832 Β
1929 1746 2237 1800 cavillatus.
2267 1745 2384 1799 Non
2416 1746 2488 1799 ita
2520 1761 2640 1802 sum
2676 1745 2834 1815 inops
2865 1745 3038 1810 urbis,
3074 1761 3136 1800 ac
3181 1746 3294 1801 lare
3335 1746 3504 1801 desti-

1931 1844 2099 1890 tutus.
2137 1833 2243 1889 Sed
2295 1842 2352 1888 tu
2400 1835 2540 1889 male
2567 1835 2812 1905 epistola:
2848 1849 3069 1890 sensum
3111 1834 3505 1902 interpretatus

1929 1941 1989 1980 es
2014 1968 2028 1991 ,
2060 1941 2253 1995 meque
2283 1925 2351 1981 de
2386 1926 2590 1996 quibus
2623 1925 2846 1980 minime
2884 1925 3172 1994 opOrtebat
3209 1925 3503 1979 accusasti.

1931 2013 2064 2067 Nam
2097 2015 2240 2084 quod
2272 2013 2590 2070 Heracleam
2625 2030 2795 2080 amas,
2819 2023 2874 2070 et
2910 2031 3127 2085 quoquo
3167 2015 3328 2070 modo
3372 2016 3509 2069 bene

1931 2105 1998 2159 de
2022 2119 2084 2159 ea
2113 2105 2330 2161 civitate
2361 2106 2557 2160 mereri
2603 2105 2812 2169 studes,
2845 2106 3008 2160 laudo
3034 2105 3306 2176 equidem.
3343 2106 3410 2160 At
3451 2106 3507 2160 id

1931 2210 2032 2265 ego
2093 2196 2274 2251 verbis
2333 2198 2466 2252 meis
2528 2196 2922 2267 significabam,
2965 2213 3086 2252 esse
3135 2197 3332 2252 forensi
3379 2197 3510 2252 huic

1932 2286 2276 2355 occupationi
2317 2286 2718 2356 philosophiam
2765 2289 3220 2357 anteponendam.
3255 2287 3336 2341 Tu
3379 2304 3510 2343 vero

1933 2378 2068 2432 mihi
2103 2379 2158 2432 in
2187 2378 2428 2432 animum
2473 2379 2756 2434 induxisse
2785 2379 3020 2446 videris,
3057 2380 3178 2448 plus
3230 2387 3283 2433 te
3315 2394 3511 2434 causa-

1934 2483 2056 2522 rum
2099 2485 2164 2524 ex
2209 2470 2424 2525 actione
2463 2470 2672 2540 patriae,
2709 2485 2872 2539 quam
2911 2486 2974 2526 ex
3006 2471 3362 2540 philosophia
3394 2481 3511 2525 stu-

1933 2560 2024 2615 dio
2068 2561 2318 2618 utilitatis
2357 2563 2668 2617 allaturum.
2729 2563 2960 2628 Quinam
3001 2564 3190 2619 istud?
3234 2565 3510 2630 Quoniam

1935 2650 2054 2712 tibi,
2082 2650 2225 2719 quod
2271 2650 2596 2707 sententiam
2642 2667 2750 2706 non
2801 2661 3094 2717 mutasses,
3125 2664 3278 2708 tuum
3330 2655 3380 2706 iu
3416 2670 3513 2722 pa-

1934 2741 2098 2796 triam
2125 2756 2366 2798 amorem
2393 2757 2614 2798 causam
2647 2758 2770 2799 esse
2803 2743 3013 2800 dixisti.
3048 2743 3159 2798 Hoc
3185 2745 3370 2813 igitur.
3403 2760 3511 2799 non

1935 2834 2124 2903 patria:
2149 2833 2494 2899 charitatcm,
2527 2836 2698 2900 irrisi,
2722 2837 2866 2907 quod
2896 2851 3075 2907 operai
3099 2838 3332 2906 pretium
3367 2837 3516 2890 futu-

1937 2940 2058 2978 rum
2093 2924 2190 2979 tibi
2223 2925 2291 2978 ad
2315 2926 2590 2996 egregium
2626 2927 2776 2982 illum
2811 2942 3050 2982 amorem
3087 2928 3272 2997 patriai
3297 2943 3514 2994 censes,

1937 3017 1983 3071 si
2023 3016 2244 3071 assidue
2273 3017 2326 3071 in
2355 3017 2540 3073 causis
2565 3019 2844 3072 voluteris.
2876 3017 3010 3071 Nam
3047 3020 3092 3072 si
3117 3019 3516 3088 philosophiam

259 3114 407 3177 θοῦν,
449 3113 656 3181 ἐλέγξει
691 3130 757 3182 με
805 3111 1055 3182 Κυρήνη,
1093 3110 1318 3180 κειμένη
1353 3109 1466 3180 (56)
1507 3109 1640 3162 πολὺ
1669 3109 1835 3180 δήπου

1945 3109 2194 3164 idoneam
2221 3124 2345 3163 esse
2374 3108 2543 3162 dicam
2573 3109 2639 3162 ad
2669 3109 2920 3162 civitates
2949 3109 3259 3178 erigendas,
3285 3114 3400 3179 ipsa
3431 3128 3518 3168 mo

258 3207 367 3260 τῶν
403 3208 461 3258 ἐν
492 3205 570 3275 τῷ
614 3206 798 3274 Πόντῳ
845 3203 1058 3256 πόλεων
1100 3202 1511 3272 ἀκριϐέστερον.
1576 3202 1713 3256 Ἀλλ’
1757 3203 1834 3254 εἷο

258 3314 415 3365 ποιμι
441 3296 538 3366 μὲν
566 3294 651 3357 ἂν,
679 3295 760 3348 ὅτι
787 3292 1070 3363 φιλοσοφία
1091 3293 1184 3345 καὶ
1213 3292 1526 3362 ῥητορικῆς,
1557 3293 1652 3346 καὶ
1680 3287 1836 3365 ἦστι-

259 3405 351 3450 νος
395 3387 576 3456 βούλει
615 3386 708 3438 καὶ
739 3385 954 3454 τέχνης,
986 3385 1081 3436 καὶ
1111 3384 1441 3452 ἐπιστήμης,
1491 3382 1574 3436 ἆτ’
1602 3382 1695 3435 ἐπὶ
1739 3381 1837 3436 πά-

263 3497 386 3542 σαις
422 3475 577 3541 οὖσα,
630 3477 928 3548 παρέχεται
979 3476 1070 3530 τὸν
1113 3475 1306 3545 ἔχοντα
1354 3474 1448 3526 καὶ
1497 3473 1700 3546 ἰδιώτῃ,
1742 3474 1837 3527 καὶ

260 3568 418 3637 οἴκῳ,
451 3568 546 3619 καὶ
588 3565 806 3617 πόλεσιν
837 3563 1276 3634 ὠφελιμώτερον.
1311 3564 1386 3616 Οὐ
1438 3563 1542 3634 μὴν
1589 3564 1748 3634 ἀρκεῖ
1775 3564 1836 3617 τὸ

263 3656 385 3709 καθ’
419 3655 617 3725 ἐαυτὴν
647 3654 851 3721 ἀγαθόν
884 3671 936 3706 τι
966 3655 1140 3706 ποιεῖν
1167 3653 1294 3715 τοὺς
1318 3651 1656 3723 ἀνθρώπους.
1685 3653 1835 3723 Ἔχει

260 3746 371 3817 γάρ
400 3745 594 3807 οὕτως,
626 3737 672 3796 ὧ
703 3743 876 3812 λῷστε
904 3742 1266 3811 Πυλαίμενες·
1299 3741 1368 3794 τὰ
1405 3741 1544 3794 καλὰ
1584 3741 1690 3793 τῶν
1719 3743 1837 3794 ἐπι-

259 3837 617 3908 τηδευμάτων
661 3835 919 3904 δυνάμεις
968 3833 1111 3897 τινές
1161 3835 1288 3898 είσι,
1339 3834 1434 3887 καὶ
1495 3831 1838 3902 παρασκευαὶ

259 3930 462 3999 ψυχῆς,
494 3928 588 3980 καὶ
614 3921 724 3979 οἷον
768 3927 896 3980 αὐτὸ
930 3926 1089 3996 μόνον
1113 3925 1174 3977 τὸ
1197 3924 1478 3994 χρώμενον
1498 3940 1511 3953 ·
1548 3923 1730 3994 καιροὶ
1756 3921 1834 3986 δὲ,

262 4023 360 4076 καὶ
396 4020 556 4090 τύχαι
589 4019 844 4088 φέρουσιν
894 4019 1006 4072 ἄνω
1038 4017 1132 4070 καὶ
1165 4017 1316 4070 κάτω
1361 4015 1430 4068 τὰ
1478 4015 1584 4068 τῶν
1631 4015 1837 4068 πόλεων

263 4113 588 4182 πράγματα.
630 4110 738 4162 Καὶ
758 4108 851 4161 νῦν
888 4109 985 4178 μὲν
1012 4107 1182 4170 οὕτως
1229 4106 1377 4176 ἔχει,
1412 4106 1506 4160 νῦν
1540 4105 1585 4159 δ’
1613 4105 1835 4175 ἑτέρως,

263 4205 479 4274 ἀνάγκη
510 4202 724 4272 φύσεως
753 4195 820 4270 ἧς
852 4198 1164 4268 μετείληφε.
1199 4196 1480 4258 Φιλόπολις
1517 4196 1615 4265 μὲν
1656 4189 1750 4248 οῦν
1787 4194 1837 4246 εἰ

267 4295 332 4348 σύ
352 4311 366 4323 ·
401 4293 654 4363 τυγχάνω
681 4291 736 4344 δὲ
764 4289 839 4342 ὣν
866 4291 960 4342 καὶ
988 4287 1098 4356 ἐγώ
1137 4285 1248 4357 [71).
1268 4285 1452 4357 αὑτός]
1471 4301 1484 4314 ·
1521 4286 1614 4338 καὶ
1646 4285 1710 4338 σὺ
1739 4284 1837 4354 μὲν

265 4386 473 4454 ἐργάζῃ
520 4385 851 4455 ῥητορικήνο
907 4381 999 4434 καὶ
1051 4379 1316 4450 συγχωρῶ
1370 4394 1451 4430 σοι
1510 4376 1584 4447 μὴ
1633 4376 1836 4446 ταύτην

1941 3200 2150 3269 Cyrene
2175 3207 2395 3267 arguet;
2423 3213 2542 3276 quae
2590 3199 2762 3267 magis
2795 3215 2956 3268 quam
2985 3191 3102 3254 ulla
3133 3199 3286 3255 Ponti
3326 3203 3518 3259 civitas

1937 3289 2098 3358 jacet.
2131 3288 2325 3344 Verum
2369 3290 2470 3343 hoc
2499 3305 2597 3360 ego
2634 3289 2794 3361 242
2827 3291 3076 3356 dixerim,
3119 3292 3517 3363 philosophiam

1943 3394 2050 3432 non
2083 3379 2244 3434 modo
2267 3381 2526 3442 oratoria,
2548 3381 2640 3434 sed
2667 3390 2720 3434 et
2749 3381 2853 3434 alia
2876 3382 3024 3436 omni
3053 3392 3171 3438 arte
3193 3385 3515 3449 scientiave,

1947 3477 2134 3539 utpote
2191 3485 2311 3538 qua:
2369 3470 2554 3539 praesit
2605 3470 2883 3533 omnibus,
2925 3472 3196 3527 utiliorem
3245 3488 3368 3527 eum
3421 3475 3517 3545 qui

1945 3559 2261 3630 possideat,
2299 3567 2354 3614 et
2414 3560 2661 3629 privatis,
2716 3568 2770 3615 et
2820 3560 3061 3625 familiis,
3105 3571 3161 3618 et
3206 3566 3518 3622 civitatibus

1943 3659 2225 3721 praestare.
2277 3649 2395 3705 Non
2453 3658 2632 3705 tamen
2680 3667 2780 3721 per
2823 3668 2944 3708 sese
3002 3655 3274 3712 suﬂiciens
3321 3666 3426 3720 est,
3458 3667 3519 3712 ut

1951 3741 2074 3796 boni
2110 3741 2314 3810 aliquid
2349 3741 2542 3796 afferre
2581 3744 2755 3812 possit
2795 3743 3125 3801 hominibus.
3158 3745 3248 3802 Sic
3281 3749 3426 3802 enim
3459 3765 3520 3804 se

1944 3848 2032 3888 res
2060 3833 2238 3896 habet,
2257 3832 2458 3903 optime
2487 3833 2821 3905 Pylaemenes
2845 3853 2860 3901 ;
2887 3839 3350 3906 praestantissima:
3377 3855 3523 3910 qua:-

1947 3939 2053 3991 que
2094 3923 2395 3992 disciplinaa
2441 3923 2726 3980 facultates
2764 3927 3010 3996 quaedam
3059 3936 3208 3991 sunt,
3256 3938 3308 3983 et
3349 3933 3518 3985 animi

1943 4015 2405 4082 comparationes,
2431 4029 2496 4068 ac
2527 4023 2781 4083 tanquam
2815 4014 3001 4068 utendi
3029 4016 3143 4068 sola
3172 4015 3255 4070 vis
3283 4024 3336 4071 et
3366 4017 3520 4071 habi-

1944 4103 2090 4158 litas.
2141 4103 2466 4172 Temporum
2506 4112 2686 4157 autem
2729 4119 2794 4158 ac
2831 4105 3061 4160 fortuna:
3109 4106 3520 4164 vicissitudines

1945 4210 2146 4264 susque
2196 4193 2370 4265 deque
2420 4211 2509 4250 res
2553 4195 2834 4250 civitatum
2878 4198 3190 4266 impellunt;
3250 4207 3305 4253 et
3357 4201 3520 4255 modo

1947 4285 2019 4336 ita
2075 4300 2216 4348 sese,
2265 4285 2427 4340 modo
2455 4286 2611 4340 aliter
2666 4288 2884 4351 habent,
2938 4303 3037 4358 pro
3083 4298 3311 4354 naturae,
3355 4307 3519 4361 quam

1946 4375 2151 4428 sortitae
2183 4385 2332 4441 sunt,
2359 4377 2699 4432 necessitate.
2731 4376 2810 4431 Tu
2866 4380 3028 4448 igitur
3071 4381 3258 4449 patria:
3300 4384 3518 4453 quidem

266 4449 632 4544 ἐπιτηδεύειν,
659 4449 806 4527 τάλλά
841 4472 942 4543 τὴν
983 4471 1148 4542 ὀρθὴν
1192 4449 1285 4524 καὶ
1323 4468 1574 4538 γενναίαν
1604 4467 1738 4536 (57),
1775 4468 1835 4536 ἢν

1947 4479 2136 4521 amans
2163 4482 2262 4520 es:
2296 4482 2396 4537 ego
2432 4482 2560 4523 vero
2595 4483 2702 4522 non
2732 4472 2912 4525 minus
2945 4470 3045 4524 hoc
3070 4471 3208 4525 idem
3234 4449 3350 4541 ipse
3374 4489 3517 4529 sum.

266 4564 390 4616 οὐδὲ
424 4564 672 4626 Πλάτων,
710 4558 883 4630 οἶμαι,
933 4560 1253 4630 διαγράφειν
1286 4560 1560 4629 πειρᾶται.
1605 4555 1744 4624 Ἐγὼ
1788 4557 1845 4609 δέ

271 4652 585 4720 φιλοσοφίαν
629 4649 773 4719 τιμῶ
814 4667 872 4701 τε
910 4651 1004 4702 καὶ
1027 4647 1135 4700 τῶν
1173 4649 1275 4701 ὅσα.
1311 4647 1622 4717 ἀνθρώπινα
1667 4646 1846 4714 ἀγαθά

270 4738 541 4809 προτιμῶ.
575 4739 638 4790 Τί
681 4735 773 4791 οὖν
801 4736 973 4807 ταύτῃ
1001 4739 1130 4807 παρ’
1157 4735 1312 4805 ἡμῶν
1354 4735 1516 4788 πλέον
1543 4738 1661 4798 ταῖς
1689 4735 1845 4788 πόλε-

272 4848 378 4891 σιν,
429 4830 478 4880 εἰ
530 4829 605 4898 μὴ
661 4829 754 4881 καὶ
794 4828 897 4897 βίοι
945 4827 1087 4890 τινὲς
1149 4825 1503 4896 ύποῦληθείεν
1548 4824 1843 4894 ἀρκοῦντες

269 4923 389 4982 ταῖς
416 4919 798 4990 προαιρέσεσι;
828 4921 918 4972 Δεῖ
947 4919 1045 4988 μὲν
1077 4919 1184 4990 γὰρ
1215 4917 1344 4988 ῦλης
1368 4916 1678 4987 ἐπιτηδείας
1700 4935 1714 4948 ·
1757 4918 1839 4970 δεῖ

1946 4553 2026 4608 Τυ
2069 4559 2363 4610 oratoriam
2396 4557 2670 4628 profiteris
2697 4577 2712 4625 ;
2735 4575 2834 4627 ego
2859 4570 2910 4613 te
2946 4563 3086 4615 inea
3123 4564 3377 4633 occupari
3409 4580 3520 4619 non

1943 4648 2099 4713 sino;
2151 4647 2246 4701 sed
2300 4648 2353 4703 in
2409 4651 2665 4718 praeclara
2710 4651 2800 4704 illa
2849 4659 2904 4706 et
2956 4653 3171 4722 egregia
3211 4654 3519 4724 disciplina,

1941 4752 2102 4806 quam
2171 4754 2271 4793 nec
2323 4740 2459 4808 ipse,
2498 4749 2557 4794 ut
2608 4742 2822 4811 opinor,
2878 4742 3032 4796 Plato
3078 4743 3388 4800 describere
3427 4760 3522 4800 co-

1943 4837 2106 4886 natus
2145 4839 2250 4884 est.
2295 4830 2406 4902 Ego
2437 4833 2830 4904 philosophiam
2861 4835 3001 4900 colo,
3037 4836 3375 4907 ceterisque,
3399 4853 3522 4908 quae

1942 4919 1998 4973 in
2029 4921 2136 4974 vita
2171 4931 2301 4976 sunt
2344 4922 2645 4992 hominum,
2689 4926 2847 4981 bonis
2897 4935 3186 4998 antepono.
3232 4928 3372 4996 Quid
3420 4929 3525 5000 igi-

1507 5066 1685 5121 DION.
1729 5066 2002 5123 PETAVII
2041 5069 2277 5126 NOTAE.

344 5233 456 5302 ('55)
480 5231 832 5302 Pylaimenes,
891 5233 1029 5286 lecta
1081 5231 1308 5302 Synesii
1345 5231 1598 5299 epistula,
1633 5245 1737 5302 qua
1769 5229 1837 5283 ad

273 5299 674 5372 philostiphiam
704 5304 773 5355 ab
803 5304 1040 5372 oratoria
1077 5299 1420 5372 professione
1456 5299 1838 5372 revocabatur,

274 5368 396 5442 quae
422 5368 508 5426 est
553 5371 642 5432 99,
674 5371 939 5442 eumdem
961 5368 1230 5442 rescripto
1277 5369 1578 5432 incusahat,
1611 5368 1839 5442 objicie-

276 5439 497 5510 batque,
531 5457 639 5510 quo
673 5443 854 5494 minus
885 5441 944 5510 id
973 5441 1197 5510 faceret,
1235 5453 1422 5510 amore
1451 5453 1508 5510 se
1537 5439 1731 5510 patria:
1756 5453 1843 5492 re-

277 5507 457 5572 tineri,
493 5507 581 5563 cui
619 5509 764 5565 iHius
793 5509 928 5562 artis
972 5508 1236 5563 beneflcio
1268 5507 1598 5577 subveniret.
1635 5508 1845 5577 Quippe

274 5580 468 5633 inutile
498 5577 564 5631 ad
597 5579 648 5632 id
680 5594 804 5634 esse
843 5579 1124 5647 sapientia:
1172 5577 1434 5631 studium.
1479 5576 1560 5630 Ad
1609 5577 1722 5630 haec
1747 5576 1844 5630 ita

275 5650 572 5717 respoudet
603 5658 822 5713 noster;
867 5657 924 5700 ut
969 5648 1164 5717 charit;
1181 5657 1286 5700 tem
1324 5649 1509 5714 patriae
1536 5658 1696 5715 neget
1724 5663 1752 5698 a
1787 5665 1846 5699 su

277 5716 696 5789 reprehensam;
737 5727 852 5773 tum
905 5716 1258 5788 philosophia:
1289 5730 1510 5771 causam
1556 5730 1618 5770 ac
1665 5726 1846 5785 patro—

1947 5233 2150 5308 cinium
2177 5238 2461 5308 suscipiat-

2021 5305 2142 5382 (36)_
2175 5305 2429 5382 Ἐλέγξξει
2447 5327 2522 5378 με
2548 5312 2813 5382 Κυρήνη,
2831 5313 3095 5382 κειμένη.
3114 5312 3233 5368 Jam
3256 5325 3368 5369 tum
3393 5323 3520 5370 ante

1951 5371 2262 5456 Synesium.
2298 5371 2475 5432 Amm'.
2512 5382 2554 5456 l._
2597 5371 2709 5437 x'xu
2737 5371 2854 5456 {In
2900 5371 3177 5456 Pentapoli
3211 5384 3379 5454 Libya
3420 5383 3519 5452 Cy-

1950 5458 2072 5522 rene
2096 5450 2268 5512 posita
2316 5457 2437 5522 est,
2465 5450 2593 5522 urbs
2637 5453 2852 5522 antiqua
2874 5492 2906 5522 ,γ
2935 5452 3025 5506 sed
3063 5450 3268 5506 deserta
3287 5450 3328 5514 ,⁷
3357 5450 3518 5522 quam

1952 5512 2248 5582 Spartanus
2282 5519 2518 5572 condidit
2550 5512 2772 5582 Battus;
2794 5533 2842 5575 et
2881 5521 3188 5582 Ptolemais,
3225 5512 3333 5576 etc.

2021 5583 2356 5662 (§7)"'A.1:1d
2386 5589 2500 5657 τὴν
2526 5589 2712 5658 ὀρθὴν
2751 5591 2845 5645 καὶ
2884 5592 3185 5659 γενναίαν.
3220 5589 3356 5645 Vide
3387 5584 3520 5644 Pia-

1951 5653 2096 5708 tonis
2129 5653 2398 5724 Gorgiam.
