3838 6236
378 327 531 395 ἸέἹὸ

1485 321 1750 391 SYNESII
1789 325 2251 394 PTOLEMAIDIS
2290 329 2601 396 EPISCOPI

3505 336 3544 397 1
3561 337 3682 400 476

387 469 478 515 tur
518 459 735 514 tandem
788 459 891 513 hac
958 455 1165 510 ratione
1207 456 1334 510 boni
1381 470 1678 526 procurare
1723 459 1929 513 civitati

2030 459 2120 523 ,δέ
2172 460 2418 532 ὀργάνων
2471 459 2550 530 τῷ
2598 457 2834 529 χρῆσθαι
2885 457 3197 529 δυναμένῳ·
3247 458 3307 511 τὸ
3355 458 3416 511 δὲ
3471 457 3680 512 ταῦτα

383 553 490 607 ‘hus
520 565 829 621 possumus,
861 549 968 602 nisi
1008 547 1128 600 vitre
1160 547 1403 616 quzedam
1433 562 1634 616 genera
1665 545 1961 614 subiician-

388 652 498 705 tur,
549 656 669 711 qua:
702 639 768 693 ad
799 639 1126 692 voluntatem
1159 651 1222 689 ac
1272 637 1605 706 propositum
1659 647 1961 708 exsequen-

368 735 510 788 ~dum
569 731 870 786 sufficiant?
917 729 1138 783 Materia
1176 729 1375 798 quippe
1426 729 1617 783 idonea
1667 744 1802 798 opus
1835 739 1956 795 est;

382 841 519 894 opus
566 823 750 877 itidem
799 820 1176 877 instrumentis
1225 820 1309 882 ei,
1363 820 1456 890 qui
1506 821 1582 874 uti
1632 822 1836 891 possit,
1872 822 1957 874 at-

381 932 486 985 que
531 917 646 969 haec
693 915 874 968 omnia
927 926 1244 981 comparare
1290 909 1518 966 fortuna:
1547 914 1826 982 proprium
1851 920 1953 967 est.

377 1006 496 1061 Jam
532 1008 578 1061 si
609 1005 702 1058 illo
730 1004 994 1057 duntaxat
1031 1002 1222 1063 modo,
1273 1001 1375 1055 hoc
1423 1009 1507 1055 est
1562 1006 1724 1055 unico
1773 1002 1956 1055 rheto-

2069 550 2508 619 παρασκευάζον,
2541 553 2574 622 ή
2611 550 2779 620 τύχη·
2827 552 2874 603 εί
2923 551 3020 621 μὲν
3051 546 3144 603 οὖν
3190 550 3416 613 ἐκείνως
3454 549 3674 620 μόνον,

2066 641 2312 694 τουτέστι
2359 640 2446 695 διὰ
2489 641 2588 711 τῆς
2615 641 2907 712 ῥητορικῆς
2933 643 3034 694 οίει
3062 659 3143 694 σοι
3173 640 3516 713 παρέσεσθαι
3556 639 3676 708 τήν

2064 730 2252 801 τύχην,
2292 731 2430 784 ὥστε
2464 731 2622 802 ἄρξαι
2653 733 2781 785 ποτὲ
2817 732 2925 803 (58)
2963 734 3280 802 παρασχεῖν,
3313 731 3347 802 ἢ
3393 728 3672 801 ὑπάρξαι

2063 821 2161 890 τὴν
2198 819 2456 890 μεγίστην
2501 821 2693 891 ἀρχὴν,
2739 821 2791 874 τί
2829 823 3176 891 κατέγνωκας
3218 821 3444 891 ἀτυχίαν
3480 820 3670 889 gulo—

2065 911 2293 980 σοφίας;
2325 904 2390 965 Εἰ
2421 911 2464 964 δ’
2511 914 2705 981 ἐπίσης
2733 907 2946 982 ἀμφοῖν
2966 913 3236 983 ἐνδέχεται
3267 913 3362 967 καὶ
3410 913 3665 965 ἀπεῖναι

2061 1002 2156 1053 καὶ
2187 1001 2608 1069 παραγενέσθαι,
2636 1003 2689 1055 τί
2719 1003 2794 1075 μὴ
2821 1004 2956 1067 τέως
2992 1004 3117 1075 αἱρῇ
3145 1003 3252 1055 τῶν
3286 997 3664 1073 φαινομένων

377 1090 507 1153 rica:
542 1095 791 1166 praesidio
826 1094 1097 1148 fortunam
1138 1093 1235 1147 tibi
1267 1091 1574 1148 adfdturam
1614 1093 1862 1162 confidis,
1895 1111 1926 1148 ιι

2057 1089 2119 1142 τὸ
2170 1090 2429 1161 ἄριστον;
2481 1091 2614 1145 αὐτὸ
2661 1093 2762 1163 μὲν
2799 1093 2906 1163 γὰρ
2949 1093 3071 1146 καθ’
3126 1094 3258 1147 αὐτὸ
3309 1094 3662 1162 φιλοσοφίαν

379 1199 473 1242 aut
521 1187 812 1258 aliquando
859 1185 1238 1255 praifetituram
1295 1183 1531 1253 aliquam
1584 1198 1816 1253 capere,
1859 1200 1932 1238 au‘

2059 1182 2153 1236 καὶ
2182 1184 2248 1236 σὺ
2277 1183 2383 1254 φῂς
2421 1178 2560 1235 εἶναι
2604 1183 2806 1236 καλλίω
2840 1182 3130 1255 ῥητορικῆς
3149 1199 3163 1214 ·
3195 1183 3254 1236 τὸ
3279 1183 3336 1236 δὲ
3361 1185 3470 1237 δεῖν
3502 1184 3661 1237 ὄνα-

372 1295 650 1336 summum
684 1279 919 1347 aliquem
960 1276 1334 1346 magistratum
1387 1277 1604 1344 assequi
1631 1274 1749 1344 ejus
1789 1276 1932 1330 bene-

2058 1274 2182 1328 σθαί
2232 1293 2324 1328 σου
2358 1275 2454 1346 τὴν
2503 1275 2676 1340 πόλιν,
2725 1276 3150 1344 ἀναγκαιότερόν
3200 1293 3281 1329 σοι
3329 1276 3392 1329 τὸ
3441 1279 3654 1346 χεῖρον

367 1372 502 1427 licio
536 1374 714 1440 possis
744 1389 756 1424 :
794 1369 922 1440 quid
967 1367 1366 1438 phil050phiam
1411 1367 1749 1423 infelicitatis
1781 1383 1932 1423 accu-

2054 1365 2228 1416 ποιεῖ·
2279 1363 2354 1426 ὡς
2391 1363 2454 1435 δὴ
2477 1363 2570 1417 νῦν
2603 1363 2700 1434 μὲν
2732 1363 2936 1428 ἔξεστιν
2985 1364 3221 1428 ἐλπίζειν
3259 1362 3329 1417 τὰ
3373 1364 3606 1433 ἀμείνω
3629 1377 3648 1392 ⁸

379 1464 506 1518 sas?
536 1461 632 1516 Sin
667 1478 734 1516 ex
781 1475 936 1530 aequo
979 1459 1048 1514 ab
1082 1469 1310 1528 utraque
1357 1459 1567 1521 abesse,
1614 1467 1706 1512 aut
1756 1459 1932 1515 adesse

2054 1454 2472 1526 φιλοσοφήσαντι
2501 1454 2558 1508 δὲ
2599 1457 2649 1508 οί
2677 1455 2790 1508 θεοὶ
2818 1455 3018 1518 πάντες
3043 1455 3244 1525 ἐχθροὶ,
3276 1453 3368 1508 καὶ
3397 1454 3502 1525 τὴν
3524 1454 3660 1507 τεύ-

377 1557 480 1611 ista
515 1555 826 1624 contingat;
852 1551 982 1622 quid
1012 1559 1070 1606 tu
1096 1552 1361 1606 hactenus
1392 1565 1499 1605 non
1536 1565 1604 1606 ex
1637 1553 1946 1620 apparenti-

374 1652 478 1703 bus
513 1656 569 1702 et
617 1646 841 1700 incertis
887 1643 1030 1714 quod
1081 1643 1595 1713 praestantissimum
1643 1643 1716 1698 sit
1747 1643 1946 1713 eligis?

372 1739 507 1793 Nam
533 1739 707 1809 ipsam
741 1752 836 1807 per
867 1751 987 1791 sese
1020 1734 1418 1805 philosophiam
1466 1733 1751 1788 rhetorica:
1788 1741 1942 1788 ante-

2051 1561 2151 1614 χην
2179 1543 2600 1616 ἐξοχετεύουσιν,
2647 1545 2721 1610 ὡς
2769 1547 2891 1619 μηδ’
2918 1549 2975 1600 ὲν
3017 1549 3137 1610 ταῖς
3166 1545 3374 1599 ἐλπίσιν

2049 1635 2285 1705 λεῖφθαι.
2325 1637 2465 1706 Ἐγὼ
2499 1639 2555 1692 δὲ
2581 1638 2735 1692 ούπω
2761 1641 2854 1693 καὶ
2883 1642 3117 1712 τήμερον
3146 1640 3332 1694 τοῦτον
3361 1640 3644 1711 ἀκηκοὼς

2046 1723 2163 1781 οἶδα
2195 1729 2288 1782 τὸν
2331 1729 2507 1798 λόγον,
2542 1731 2624 1784 ὅτι
2656 1733 2721 1802 τῇ
2756 1735 2924 1803 σεμνῇ
2976 1733 3262 1802 φιλοσοφία
3307 1731 3451 1794 θεῖός
3498 1733 3638 1785 ἐστι

372 1829 567 1884 cellere
607 1835 720 1882 tute
766 1827 881 1896 ipse
925 1825 1150 1891 fateris;
1189 1823 1335 1894 quod
1379 1838 1510 1878 vero
1557 1823 1816 1892 prodesse
1850 1838 1932 1893 pa-

2046 1822 2246 1893 κλῆρος
2273 1823 2510 1894 ἀτυχεῖν.
2557 1824 2718 1878 Ἀλλὰ
2752 1825 2899 1896 μόλις
2932 1827 3028 1897 μὲν
3050 1825 3121 1880 ἂν
3161 1828 3218 1879 ἐν
3255 1829 3319 1897 τῇ
3357 1828 3511 1896 κοινῇ
3550 1829 3632 1896 τῇ

371 1920 492 1974 tria:
526 1918 744 1983 debeas,
773 1917 826 1972 id
865 1914 964 1974 tibi
993 1916 1136 1986 quod
1168 1914 1406 1970 deterius
1435 1921 1520 1968 est
1561 1913 1729 1982 magis
1752 1927 1944 1968 neces-

367 2011 576 2067 sarium
607 2009 800 2065 reddit.
834 2007 1001 2074 Quasi
1042 2024 1187 2061 nunc
1219 2007 1436 2076 quidem
1481 2005 1701 2060 meliora
1725 2020 1946 2074 sperare

372 2102 577 2158 liceat:
613 2100 776 2155 simul
825 2113 955 2154 vero
998 2096 1368 2168 phil050phari
1419 2095 1674 2166 coeperis,
1721 2095 1797 2149 dii
1845 2095 1943 2150 tibi

369 2207 558 2248 omnes
578 2191 786 2246 inimici
821 2191 952 2255 sint,
999 2189 1381 2259 fortunamque
1408 2201 1621 2242 omnem
1665 2187 1772 2243 alio
1799 2187 1945 2243 deri-

369 2291 515 2349 vent,
545 2291 604 2336 ut
649 2297 717 2336 ne
760 2283 816 2336 in
854 2295 950 2350 spe
995 2279 1214 2350 quidem
1265 2280 1620 2348 relinquatur.
1670 2277 1785 2350 Ego
1815 2295 1943 2333 vero

368 2375 607 2429 nondum
649 2374 704 2427 in
730 2372 873 2427 hanc
914 2386 1089 2440 usque
1121 2370 1262 2424 diem
1295 2369 1486 2424 audire
1519 2367 1759 2432 memini,
1803 2368 1942 2422 hanc

367 2479 490 2520 esse
540 2473 743 2520 sanctae
781 2463 1139 2534 philosOphiae
1182 2471 1380 2517 sortem
1424 2461 1682 2515 divinitus
1711 2460 1941 2515 attribu-

367 2562 501 2619 tam,
531 2563 592 2609 ut
615 2553 804 2609 infelix
834 2559 1001 2608 esset.
1033 2551 1419 2606 Verumtamen
1452 2565 1596 2621 σιεγε
1627 2549 1846 2620 quidem
1882 2550 1939 2604 in

364 2643 640 2698 communi
689 2642 1000 2697 mortalium
1042 2649 1237 2694 natura
1261 2640 1343 2695 vis
1380 2646 1434 2694 et
1464 2639 1749 2709 prudentia
1778 2640 1940 2694 simul

364 2733 752 2799 convenerint;
780 2743 1169 2799 nonnunquam
1200 2736 1380 2782 tamen
1410 2729 1598 2783 ambas
1628 2725 1770 2783 Deus
1809 2743 1940 2783 con-

360 2823 621 2894 junxerit.
657 2821 1021 2888 Quamobrem
1053 2818 1234 2874 licebit
1281 2831 1349 2873 ex
1397 2832 1512 2873 mea
1543 2817 1811 2883 oratione,
1855 2818 1938 2872 vel

365 2923 591 2966 necesse
629 2909 736 2963 erit
763 2907 924 2980 253
952 2908 1134 2977 potius
1175 2906 1422 2960 eumdem
1457 2913 1512 2959 et
1559 2905 1936 2976 philosophum

363 3016 508 3065 esse,
534 3008 589 3056 et
619 3006 888 3054 amantem
922 2997 1149 3068 patriae:
1177 3011 1278 3052 nec
1324 2994 1594 3051 fortunam
1625 2996 1934 3065 desperare,

363 3091 458 3148 sed
491 3106 588 3161 pro
616 3090 732 3147 suis
763 3089 927 3144 etiam
957 3087 1171 3145 meritis
1198 3101 1421 3158 sperare
1448 3087 1694 3142 meliora.
1723 3085 1934 3141 Etenim

361 3183 466 3240 hoc
515 3199 625 3238 uno
670 3181 970 3253 praesertim
996 3217 1012 3244 ,
1060 3187 1120 3234 ut
1165 3178 1336 3234 veteri
1385 3177 1670 3250 proverbio
1712 3178 1932 3242 dicitur,

363 3273 518 3343 probi
567 3272 740 3327 malos
787 3276 1068 3341 superant,
1098 3270 1240 3325 bona
1291 3283 1406 3339 spe.
1435 3265 1725 3337 Quomodo
1767 3267 1934 3338 igitur

363 3365 604 3421 inferiori
634 3365 758 3419 illos
791 3379 916 3419 esse
948 3364 1258 3419 conditione
1300 3361 1627 3418 fatebimur?
1665 3360 1930 3417 Necessa-

362 3459 503 3512 rium
527 3456 785 3512 autemid
811 3456 937 3520 erit,
970 3455 1016 3509 si
1043 3454 1172 3524 quid
1207 3453 1447 3522 opinioni
1479 3461 1580 3506 tua:
1604 3453 1928 3518 tribuimus;

361 3566 482 3618 qua:
511 3559 563 3602 te
594 3562 659 3602 eo
678 3547 880 3601 erroris
902 3545 1146 3608 adduxit,
1182 3544 1474 3599 utdiceres
1497 3545 1593 3598 tibi
1624 3544 1932 3614 reipublicae

358 3652 526 3692 causa
552 3637 605 3690 in
642 3645 734 3690 tua
765 3645 879 3690 arte
909 3651 1030 3691 esse
1056 3633 1530 3705 perseverandum.
1567 3633 1757 3688 Patere
1783 3634 1929 3688 enim

358 3743 444 3782 nte
471 3728 526 3782 in
553 3729 954 3782 accusationem
983 3738 1299 3780 convertere
1328 3726 1474 3780 illius
1518 3725 1696 3778 cavilli
1731 3739 1930 3794 purga-

357 3820 580 3883 tionem,
633 3819 726 3888 qui
773 3833 896 3872 cum
945 3818 1127 3871 nullus
1181 3823 1328 3871 esset
1371 3815 1616 3880 omnino,
1661 3816 1756 3870 tioi
1805 3831 1928 3873 esse

358 3910 506 3965 visus
537 3919 622 3965 est
666 3909 883 3978 aliquis.
927 3907 1111 3977 Neque
1146 3907 1290 3961 enim
1322 3907 1577 3975 amplius,
1605 3906 1817 3974 opinor,
1846 3907 1927 3960 vi-

355 3999 592 4054 debitur.
648 3998 860 4066 Alioqui
905 3996 1211 4065 periculum
1261 4002 1365 4058 est,
1416 4009 1485 4048 ne
1514 3993 1658 4063 apud
1713 4009 1923 4049 sacram

353 4090 596 4156 Cyrenen
649 4096 705 4141 tu
751 4102 836 4142 tne
882 4085 1180 4154 praesertim
1230 4083 1621 4137 amicissimum
1667 4089 1831 4152 caput
1869 4083 1923 4136 in

352 4180 558 4233 crimen
588 4177 849 4230 adducas.
872 4174 1007 4228 Nam
1043 4175 1089 4229 si
1137 4175 1235 4227 hoc
1264 4173 1574 4227 civitatibus
1605 4185 1922 4242 persuasum

350 4271 454 4324 erit
495 4269 666 4324 solam
711 4266 1005 4320 oratoriam
1041 4274 1208 4318 artem
1243 4264 1527 4334 praesentia
1585 4262 1923 4317 incommoda

353 4371 560 4414 mutare
587 4373 766 4428 posse,
789 4357 951 4425 idque
977 4355 1196 4409 unicum
1237 4369 1427 4409 eorum
1464 4369 1586 4409 esse
1616 4353 1804 4419 decus,
1827 4352 1920 4423 qui

2045 1913 2210 1985 θνητῇ
2250 1914 2408 1982 φύσει
2433 1915 2730 1969 συνέλθοιεν
2758 1915 2908 1987 ίσχύς
2935 1934 2994 1970 τε
3021 1915 3113 1970 καλ
3145 1917 3422 1987 φρόνησις.
3458 1917 3630 1969 Ἔστι

2048 2006 2153 2076 μὴν
2175 2007 2262 2059 ὅτε
2290 2008 2592 2078 συνήγαγεν
2612 2008 2782 2072 αύτάς
2812 2009 3009 2076 ὁβεός.
3043 2009 3286 2073 Ἔξεστιν
3314 2004 3406 2063 οὖν
3423 2010 3488 2061 ἐκ
3514 2007 3624 2061 τοῦ

2042 2096 2222 2163 λόγου,
2256 2096 2453 2166 μᾶλλον
2479 2096 2536 2149 δὲ
2571 2099 2720 2151 πᾶσα
2750 2097 2981 2168 ἀνάγκη,
3011 2098 3100 2151 τὸν
3128 2098 3288 2152 αὑτὸν
3320 2093 3481 2162 εἶναι,
3516 2097 3624 2150 καὶ

2043 2184 2349 2253 φιλόσοφον,
2365 2185 2460 2238 καὶ
2497 2186 2794 2254 φιλόπολιν,
2819 2188 2912 2240 καὶ
2943 2187 3065 2258 μηδ’
3089 2186 3483 2255 ἀπογινώσκειν
3510 2188 3622 2256 τῆς

2041 2274 2231 2345 τύχης,
2251 2275 2386 2329 ἀλλά
2411 2279 2502 2329 καὶ
2530 2277 2832 2348 προσδοκᾷν
2849 2278 2915 2332 τὰ
2935 2277 3159 2350 ἀμείνω,
3177 2277 3264 2332 διὰ
3284 2279 3382 2349 τὴν
3401 2277 3616 2353 οίκείαν

2041 2364 2218 2429 ἀξίαν.
2255 2368 2366 2438 Οὐχ
2396 2368 2596 2438 ἥκιστα
2646 2370 2756 2440 γὰρ
2809 2370 2953 2441 μόνῳ
2999 2369 3428 2433 πλεονεκτοῦσιν,
3473 2369 3549 2432 ὡς
3579 2370 3614 2421 ὁ

2042 2460 2269 2523 παλαιὸς
2296 2461 2470 2530 λόγος,
2507 2463 2556 2515 οί
2588 2465 2814 2535 χρηστοὶ
2840 2463 2946 2516 τῶν
2990 2464 3260 2534 πονηρῶν,
3309 2466 3429 2527 ταῖς
3466 2464 3612 2532 ἀγαο

2041 2551 2159 2616 θαῖς
2186 2552 2384 2607 ἐλπίσι.
2417 2553 2542 2616 Πῶς
2566 2551 2656 2608 οὖν
2689 2555 2905 2608 ἔλαττον
2926 2556 3121 2619 αὐτοὺς
3148 2555 3289 2626 ἔχειν
3315 2556 3611 2624 συγχωρή-

2041 2660 2237 2713 σομεν;
2286 2644 2521 2717 Ἀνάγκη
2550 2645 2615 2710 δ’,
2647 2648 2694 2699 εί
2727 2647 2861 2718 πρὸς
2889 2648 2979 2700 τδν
3006 2647 3155 2716 παρά
3186 2645 3278 2699 σοῦ
3314 2647 3468 2714 λόγον
3513 2648 3610 2698 tv-

2037 2733 2280 2803 δοίημεν,
2315 2735 2375 2798 ὃς
2417 2737 2496 2798 είς
2541 2734 2696 2790 τοῦτό
2747 2754 2806 2790 σε
2847 2739 3157 2808 προήγαγεν
3198 2738 3499 2808 ἁμαρτίας,
3541 2737 3610 2789 τὸ

2040 2821 2153 2894 [γρ.
2187 2823 2350 2896 ὥστε]
2380 2827 2542 2896 φάναι
2569 2827 2668 2898 τῆς
2710 2829 2914 2892 πόλεως
2943 2830 3103 2882 ἕνεκα
3143 2829 3250 2882 δεῖν
3285 2828 3468 2898 μένειν
3511 2829 3612 2881 ἐπὶ

2037 2915 2134 2983 τῆς
2159 2912 2372 2985 τέχνης.
2419 2916 2672 2986 Ἀνάσχου
2708 2918 2816 2988 γάρ
2845 2935 2942 2988 μου
2981 2918 3352 2988 μετατιθέντος
3395 2921 3475 2981 εἰς
3509 2935 3612 2971 καί·

2035 3004 2296 3074 τηγορίαν
2332 3005 2432 3077 τὴν
2461 3008 2587 3076 περ)⁹
2633 3007 2726 3060 τοῦ
2775 3007 3102 3079 σκώμματος
3142 3007 3456 3077 ἀπολογίαν,
3482 3009 3512 3061 ὃ
3537 3009 3608 3078 δὴ

2040 3093 2115 3166 μὴ
2151 3094 2210 3148 ὃν
2235 3096 2412 3162 ἔδοξεν
2441 3093 2578 3151 εἷναί
2604 3115 2685 3151 σοι
2715 3101 2995 3170 πρότερον.
3034 3101 3108 3153 Οὐ
3141 3099 3270 3171 γὰρ,
3300 3095 3476 3170 οἶμαι,
3505 3099 3609 3152 νῦν

2035 3185 2115 3240 ἔτι
2142 3186 2308 3242 δοκεῖ.
2347 3188 2498 3242 Ἐπεί
2520 3207 2600 3243 τοι
2621 3190 2909 3244 κινδυνεύω
2935 3191 3027 3244 καὶ
3050 3191 3434 3262 διαϐεϐλῆσθαι
3462 3191 3608 3262 πρὸς

2031 3276 2132 3347 τὴν
2171 3277 2321 3348 ἱερὰν
2355 3279 2612 3350 Κυρήνην
2641 3279 2744 3332 ὑπὸ
2792 3278 2908 3344 σοῦ,
2957 3281 3052 3334 καὶ
3095 3280 3267 3333 ταῦτα
3311 3281 3410 3351 τῆς
3437 3281 3609 3351 φίλης

2035 3383 2124 3437 μοι
2149 3369 2408 3440 κεφαλῆς.
2435 3371 2496 3422 El
2523 3371 2628 3441 γὰρ
2647 3370 2710 3440 δὴ
2747 3371 3018 3424 πεισθεῖεν
3047 3373 3103 3424 at
3142 3371 3324 3436 πόλεις
3343 3372 3482 3441 (59),
3519 3374 3605 3426 ὅτι

2031 3459 2292 3530 ῥητορικὴ
2349 3461 2482 3532 μόνη
2533 3461 2752 3516 δύναται
2803 3462 3112 3532 μεταθεῖναι
3158 3463 3256 3525 τὰς
3315 3462 3607 3534 παρούσας

2029 3548 2212 3612 αὐτοῖς
2245 3552 2547 3622 συμφορὰς,
2599 3553 2690 3605 καὶ
2726 3553 2884 3623 μόνον
2925 3554 3045 3606 ἐστὶ
3075 3552 3234 3606 τοῦτο
3267 3554 3442 3624 γέρας
3486 3555 3603 3608 τῶν

2028 3636 2369 3708 βοηθούντων
2401 3644 2512 3703 τοῖς
2534 3641 2714 3711 ἔχουσι
2757 3643 2882 3714 περὶ
2912 3643 3250 3714 συμϐολαίων
3289 3644 3390 3707 τὰς
3414 3644 3599 3708 δίκας,

2028 3727 2420 3796 χαλεπανοῦσιν
2449 3731 2581 3800 ἡμῖν
2607 3733 2720 3794 τοῖς
2765 3731 2891 3785 ἄλλο
2931 3749 2985 3784 τι
3030 3730 3428 3802 θεραπεύουσιν
3472 3733 3602 3786 ἀντὶ

2026 3817 2120 3871 τοῦ
2145 3818 2404 3889 βήματος.
2431 3815 2526 3884 Εἷς
2549 3839 2642 3876 ουν
2668 3825 2790 3892 ἐμοὶ
2815 3824 2949 3892 πρὸς
2973 3823 3032 3876 σέ
3057 3841 3118 3877 τε
3147 3824 3241 3877 καὶ
3263 3823 3359 3888 τὰς
3409 3824 3602 3886 πόλεις

2024 3909 2244 3974 ἁπάσας
2273 3911 2410 3982 ὑπὲρ
2435 3911 2746 3982 φιλοσοφίας
2773 3915 2801 3966 ὁ
2842 3913 3016 3982 λόγος,
3050 3915 3132 3968 ὅτι
3163 3915 3448 3987 παρούσης
3494 3918 3599 3985 μὲν

2023 3999 2212 4071 τύχης,
2243 4002 2338 4056 καὶ
2367 4003 2710 4058 καλεσάντων
2735 4005 2902 4076 αὐτὴν
2939 4007 3030 4058 ἐπὶ
3055 4005 3124 4059 τὰ
3148 4007 3454 4077 πράγματα
3486 4008 3598 4060 τῶν

2025 4093 2250 4160 καιρῶν,
2275 4091 2529 4164 οὐδεμιᾶς
2553 4095 2670 4148 ἐστι
2700 4096 2914 4167 τέχνης,
2945 4096 3058 4150 ἀλλ’
3086 4097 3196 4150 οὐδ’
3223 4097 3341 4168 ἃμα
3377 4099 3594 4161 πασῶν,

2023 4181 2201 4250 ἐρίσαι
2228 4181 2511 4257 φιλοσοφίᾳ
2531 4184 2657 4256 περὶ
2676 4186 2768 4239 τοῦ
2789 4187 2889 4257 τὴν
2910 4189 3310 4258 συντονωτέραν
3331 4191 3593 4260 ἁρμόσαι,

2022 4273 2116 4325 καὶ
2144 4273 2460 4341 μετατάξαι,
2501 4276 2595 4328 καὶ⁵
2633 4275 2826 4345 βελτίω
2852 4279 2963 4339 τοῖς
3011 4277 3322 4346 ἀνθρώποις
3366 4279 3594 4349 ποιῆσαι

2021 4362 2090 4415 τὰ
2115 4364 2433 4434 πράγματα.
2459 4365 2569 4434 Τῆς
2601 4366 2944 4438 εἱμαρμένης
2981 4366 3038 4420 δὲ
3064 4367 3215 4420 οὔπω
3241 4368 3415 4439 ταύτῃ
3446 4372 3595 4438 ῥυεί-

350 4453 419 4504 iis
448 4448 804 4518 opitulentur,
834 4445 928 4515 qui
971 4445 1038 4500 de
1069 4445 1443 4499 contractibus
1489 4444 1612 4498 lites
1651 4443 1915 4509 habeant;

2030 4469 2142 4522 σης,
2171 4453 2296 4506 νοῦν
2329 4453 2440 4523 ἔχει
2473 4453 2638 4508 πολὺν
2665 4457 3082 4525 οίκειοπραγεῖν,
3108 4456 3244 4511 ἀλλά
3287 4457 3362 4528 μὴ
3411 4475 3594 4529 παρα-

351 4541 509 4594 nobis
546 4539 649 4593 illa:
681 4538 1106 4603 succcnsebunt,
1133 4534 1284 4606 quod
1313 4536 1433 4588 aliis
1456 4534 1732 4598 omnibus,
1754 4548 1918 4603 quam

349 4629 629 4692 tribunali,
667 4643 855 4683 sumus
891 4627 1115 4682 addicti.
1146 4626 1264 4680 Una
1304 4625 1467 4695 igitur
1498 4624 1631 4678 mihi
1670 4623 1737 4677 ad
1771 4633 1841 4686 te,
1867 4630 1921 4678 et

347 4715 600 4772 civitates
629 4716 872 4780 omnes,
929 4733 1028 4786 pro
1078 4717 1420 4786 philosophia
1469 4717 1754 4785 responsio
1794 4723 1916 4772 est:

347 4806 587 4863 Fortuna
623 4824 746 4864 cum
787 4808 1049 4873 adfuerit,
1076 4815 1131 4863 et
1171 4808 1314 4862 ill-am
1357 4806 1426 4862 ad
1473 4808 1688 4877 negotia
1728 4822 1921 4878 capes-

346 4901 514 4955 senda
563 4908 862 4969 temporum
900 4899 1044 4953 ratio
1086 4901 1442 4964 revocaverit,
1475 4899 1678 4954 nullam
1715 4889 1908 4964 artem,

345 5006 407 5044 ac
457 5005 524 5044 ne
568 5004 758 5045 omnes
797 4990 1014 5059 quidem
1057 4991 1248 5056 simul,
1295 4990 1362 5046 de
1397 4991 1701 5046 ordinando
1747 4990 1909 5047 citius

341 5089 436 5133 aut
468 5080 808 5135 immutando
835 5082 1144 5150 reipublicae
1167 5090 1335 5146 statu,
1353 5091 1446 5136 aut
1465 5084 1687 5138 omnino
1710 5083 1766 5137 in
1795 5098 1907 5136 me-

340 5172 446 5227 lius
467 5170 861 5228 constituendis
889 5171 1175 5228 hominum
1205 5174 1390 5239 rebus,
1414 5189 1537 5228 cum
1565 5175 1905 5246 philosOphia

2016 4542 2255 4608 διοικεῖν,
2286 4544 2406 4616 μηδ’
2434 4545 2760 4615 ἀσχημονεῖν
2801 4545 3086 4611 ἀξιοῦντας
3118 4547 3407 4612 ὼθίζεσθαι
3435 4550 3591 4619 παρὰ

2016 4633 2077 4686 τὸ
2099 4634 2190 4687 τοῦ
2211 4635 2381 4698 δεῖνος
2402 4636 2639 4706 ἀρχεῖον,
2656 4633 2737 4699 οἷς
2756 4637 2830 4708 μὴ
2847 4638 2958 4708 [πρ.
2982 4639 3031 4691 εί
3054 4638 3153 4710 μὴ]
3176 4641 3326 4693 πᾶσα
3344 4641 3586 4710 ἀνάγκη.

2030 4724 2276 4792 Ἆνάτκᾳ
2302 4724 2371 4778 δὲ
2398 4725 2536 4779 οὐδὲ
2581 4728 2723 4791 θεοὶ,
2771 4729 2926 4796 φασὶ,
2969 4728 3282 4799 μάχονται.
3327 4730 3491 4802 Ἡμῖν
3529 4734 3592 4786 δὲ

2020 4812 2169 4864 ἐστιν
2200 4812 2332 4866 ἄλλα
2363 4813 2658 4885 σεμνότερα
2678 4832 2689 4843 ·
2723 4816 2815 4868 καὶ
2847 4817 2976 4870 ὅταν
3005 4817 3034 4868 ὁ
3076 4817 3200 4882 νοῦς
3226 4819 3592 4890 ἀνενέργητος

2017 4900 2050 4975 ᾗ
2085 4904 2213 4974 περὶ
2240 4903 2308 4957 τὰ
2351 4904 2559 4969 ἐνθάδε,
2599 4906 2728 4976 περὶ
2755 4908 2844 4960 τὸν
2881 4909 3011 4960 Θεὸν
3053 4909 3282 4980 ἐνεργεῖ.
3326 4910 3435 4963 Δύο
3479 4913 3592 4984 γὰρ

2016 4985 2177 5047 αὗται
2219 4994 2434 5066 μερίδες
2468 4995 2800 5065 φιλοσοφίας,
2839 4999 3035 5070 θεωρία
3085 5001 3181 5053 καὶ
3222 5002 3454 5072 πρᾶξις·
3491 5008 3592 5059 καὶ.

2011 5084 2148 5152 δῆτα
2192 5086 2284 5137 δύο
2315 5086 2570 5156 δυνάμεις
2613 5090 2848 5160 ἑκατέρα
2892 5095 3020 5162 παρ’
3055 5094 3320 5164 ἑκατέραν
3364 5098 3588 5167 μερίδα,
3647 5125 3666 5145 .

2017 5177 2197 5245 σοφία,
2230 5178 2321 5230 καὶ
2356 5171 2614 5250 φρόνησις
2636 5197 2650 5210 '
2681 5181 2821 5252 αὕτη
2857 5184 2953 5253 μὲν
2995 5184 3220 5256 δεομένη
3250 5187 3421 5258 τύχης
3442 5205 3459 5221 ο
3497 5207 3589 5244 σο-

1572 5349 1779 5409 mon.
1809 5350 2082 5407 ΡΕτΑνιι
2119 5316 2347 5413 noras.

412 5501 761 5589 ᾏρξαι
789 5508 954 5589 ποτέ.
983 5507 1318 5589 Crediderim
1362 5517 1586 5589 verbum
1645 5517 1805 5589 ἄρξαι
1843 5517 1908 5572 de

333 5573 554 5658 quain-re)
565 5573 747 5658 aliqua
787 5578 1231 5658 praal'ecturajel
1276 5586 1596 5653 magistratu
1627 5573 1773 5653 di'ci';
1802 5589 1903 5640 ὑπ-

333 5637 690 5772 ῧρὶομερὲθὺὲιξῖ
709 5637 803 5712 qui
831 5646 1022 5715 majori
1054 5647 1274 5716 subest;
1304 5637 1607 5721 qsfodolim
1634 5637 1902 5713 ξιίἰὶὲνῖέί-

2037 5513 2510 5610 ,ἔὲἓὶιὲἐρὲξρὲὴ
2557 5522 2950 5610 refellebat.
2991 5527 3217 5610 πέλας·
3257 5523 3582 5610 ίξιείεειειθο

2002 5591 2194 5665 risque
2219 5591 2520 5661 persuasio,
2560 5592 3116 5665 hominessapientize
3150 5591 3336 5652 studio
3357 5591 3580 5653 deditos

1999 5663 2143 5706 actui
2177 5670 2356 5734 rerum
2381 5674 2733 5734 nequaquam
2783 5663 3008 5719 idoneos
3033 5680 3176 5721 esse.
3208 5665 3289 5718 De
3320 5681 3433 5734 quo
3473 5665 3580 5724 So-

1996 5735 2173 5779 crates
2203 5725 2344 5795 apud
2379 5725 2517 5783 Plat.
2555 5725 2747 5789 Themi.
2773 5740 2827 5787 et
2863 5734 2898 5788 l.
2934 5749 2984 5790 vt
3015 5734 3088 5789 De
3115 5733 3292 5802 repub.
