3838 6236
121 305 130 309 ’
184 327 324 382 rm
1362 295 1751 370 EPISTULA).
1798 345 1864 356 -
1907 312 2126 370 El’lST.
2162 305 2297 370 civ.
2555 359 2558 362 έ
3308 313 3455 369 ms

183 444 281 512 φία
313 443 369 496 δὲ
401 439 707 510 αὐτάρκης,
738 438 833 490 καὶ
865 433 1141 496 ἀκώλυτος
1167 435 1198 503 ή
1225 432 1344 485 κατ’
1377 431 1592 499 ἐκείνην
1617 430 1765 500 ἐνέρ-

1875 445 2037 498 posse
2066 430 2422 485 contendere.
2456 429 2562 484 Sed
2605 444 2729 482 eum
2779 428 3116 483 nondumeo
3153 426 3330 484 fatalis
3362 444 3460 484 ne—

182 547 326 600 γεια,
426 586 428 588 ν
1875 520 2109 573 eessitas
2161 519 2505 589 pervenerit,
2563 519 2829 588 sapientis
2871 527 2956 574 est
3008 535 3233 575 suarum
3276 535 3460 575 rerum

180 618 921 698 satagere{nonperperam
953 621 1100 676 actui
1133 635 1312 674 rerum
1347 619 1655 673 immiscere
1683 634 1761 679 se,
1804 633 1906 673 nec
1936 628 2132 688 ιιι-αξιοι
2197 620 2458 674 decorum
2505 621 2574 675 ad
2621 622 2782 692 hujus
2825 616 3140 690 praetorium
3210 627 3461 684 perrum-

183 734 332 790 pere,
368 717 472 772 nisi
507 724 752 771 extrema
791 713 1097 770 necessitas
1138 712 1433 782 impulerit.
1479 709 1798 764 Necessitati
1832 725 1950 763 vero
1979 727 2042 764 ne
2082 713 2159 765 dii
2215 715 2442 781 quidem,
2484 724 2542 767 ut
2590 715 2764 780 aiunt,
2810 717 3120 782 repugnant.
3157 706 3328 761 Nobis
3365 719 3462 758 au-

183 823 290 866 tem
323 812 427 865 alia
456 809 733 865 sanctiora
759 817 928 874 sunt,
957 822 1011 863 et
1047 824 1170 863 cum
1242 807 1310 861 ab
1375 806 1444 862 iis
1489 804 1848 859 inferioribus
1887 816 2044 860 vacat
2070 809 2306 872 aninms,
2336 811 2482 864 circa
2527 809 2694 864 Deum
2737 815 3057 878 occupatur.
3106 805 3235 859 Duae
3262 803 3464 871 quippe

181 914 311 958 sunt
343 905 426 959 has
454 903 812 974 philosophia:
868 909 1072 972 partes,
1113 900 1499 970 contemplatio
1523 906 1579 953 et
1613 896 1800 950 actio:
1843 911 1907 949 ac
1943 899 2164 953 totidem
2209 901 2412 955 ideirco
2468 900 2753 955 facultates
2812 899 3040 970 singulae
3112 895 3342 966 singulis
3378 902 3463 944 at-

184 1000 404 1053 tributae
439 998 699 1066 partium,
749 993 1019 1062 sapientia
1058 1002 1112 1048 et
1139 992 1468 1063 prudentia;
1523 991 1644 1045 haec
1688 986 1925 1044 fortunae
1994 992 2284 1064 indigens,
2332 994 2423 1048 illa
2470 993 2574 1048 sibi
2616 992 2918 1054 sufﬁciens,
2981 991 3144 1060 cujus
3212 1002 3313 1042 nec
3357 985 3463 1040 im-

180 1093 355 1161 pediri
391 1091 598 1146 functio
630 1098 829 1160 potest.

723 1181 1066 1236 ΕΙἩΣΤΟΛΗ
1107 1177 1221 1234 PA'.

2420 1169 2758 1225 EPISTOLA
2805 1169 2940 1225 CIV.

784 1272 868 1339 Τῷ
902 1270 1165 1340 ἀδελφῷ.

253 1369 392 1431 Τοὺς
437 1368 634 1430 αὐτοὺς
671 1366 738 1420 ἂν
774 1365 908 1428 ἴδοις
951 1365 1008 1416 ὲν
1043 1363 1140 1434 μὲν
1192 1362 1387 1434 εἰρήνῃ
1433 1359 1674 1430 θρασεῖς,
1711 1358 1769 1410 ὲν

174 1459 233 1512 δὲ
271 1459 493 1528 πολέμῳ
520 1456 750 1521 δειλοὺς,
797 1453 1072 1507 τουτέστιν
1118 1449 1430 1520 ἁπανταχοῦ
1473 1444 1765 1515 πονηρούς.

178 1551 345 1607 Ὥστε
373 1567 462 1620 μοι
485 1549 632 1602 δοκεῖ
651 1547 854 1618 ταύτην
875 1563 959 1609 τις
985 1544 1207 1606 δικαίως
1231 1543 1428 1596 εἰδέναι
1444 1539 1522 1610 τῷ
1544 1538 1766 1609 πολέμῳ

175 1643 362 1714 χάριν,
402 1641 483 1693 ὅτι
517 1637 746 1709 βάσανός
786 1638 901 1688 ἐστι
942 1634 1034 1687 τοῦ
1063 1635 1191 1705 περὶ
1221 1634 1319 1701 τὴν
1346 1630 1576 1700 καρδίαν
1606 1627 1767 1698 αἵμα-

2569 1262 2775 1319 Fratri.

1938 1348 2204 1407 ~llomines
2230 1353 2452 1407 eosdem
2490 1353 2673 1408 videas
2723 1362 2965 1422 tempore
3017 1353 3166 1424 pacis
3199 1354 3457 1417 audaces,

1874 1441 2081 1496 militia
2116 1442 2363 1511 ignavos.
2423 1444 2524 1499 hoc
2578 1455 2662 1499 est
2713 1445 2912 1515 ubique
2953 1446 3251 1515 improbos.
3296 1445 3462 1517 244

1873 1529 2030 1586 Unde
2062 1533 2226 1602 hujus
2267 1536 2342 1590 rei
2381 1551 2546 1590 causa
2585 1535 2830 1590 habenda
2873 1536 3014 1590 bello
3044 1537 3222 1607 gratia
3264 1542 3459 1591 merito

1872 1623 2009 1676 mihi
2034 1624 2268 1686 videtur,
2309 1627 2452 1695 quod
2491 1628 2667 1694 qualis
2697 1628 2843 1682 circa
2884 1643 2978 1682 cor
3001 1629 3200 1698 cuique
3232 1630 3459 1698 sanguis

174 1751 271 1798 τος
302 1731 553 1804 ἀκριϐὴς,
585 1730 680 1783 καὶ
721 1728 950 1799 συχνοὺς
993 1725 1260 1788 ἀλαζόνας
1294 1721 1642 1792 παραλαϐὼν,
1677 1738 1765 1790 με·

1875 1717 1964 1780 sit,
1997 1718 2202 1786 optima
2231 1719 2303 1772 sit
2343 1717 2609 1788 probandi
2653 1719 2824 1783 ratio;
2860 1720 3300 1789 compluresque,
3321 1735 3460 1789 quos

175 1824 505 1897 τριωτέρους
535 1825 666 1894 ἡμῖν
703 1820 1048 1874 ἀποδίδωσιν.
1096 1817 1170 1870 Οὐ
1201 1815 1330 1886 γὰρ,
1361 1811 1536 1885 οἶμαι,
1566 1813 1628 1866 τὸ
1660 1813 1768 1865 ἀπὸ

177 1917 334 1971 τοῦδε
383 1916 632 1988 σοϐήσειν
677 1913 764 1966 διὰ
799 1913 896 1982 τῆς
930 1911 1137 1981 ἀγορᾶς
1177 1908 1432 1978 Ἰωάννην
1471 1905 1561 1958 τὸν
1591 1904 1772 1974 ἀλιτή-

191 2024 327 2078 ριον,
365 2007 485 2060 οὐδὲ
535 2005 646 2069 πὺξ
691 2005 956 2064 ἐντενεῖν,
1005 1999 1125 2053 οὐδὲ
1171 1997 1268 2062 λὰξ
1309 1993 1614 2048 ἐναλεῖσθαι
1661 1993 1770 2046 τῶν

183 2098 607 2169 ἐπιεικεστέρων
654 2096 780 2151 τινί.
819 2095 961 2158 Χθές
999 2109 1080 2146 τοι
1130 2092 1272 2144 πάνυ
1333 2087 1601 2159 λαμπρῶς
1656 2102 1772 2138 συν-

181 2193 448 2264 ηγορήκει
475 2194 541 2262 τῇ
574 2189 865 2260 παροιμίᾳ,
917 2186 1114 2257 μᾶλλον
1144 2185 1201 2239 δὲ
1227 2182 1304 2254 τῷ
1338 2179 1588 2253 χρησμῷ.
1631 2179 1772 2248 Χρη-

183 2286 321 2358 σμὺς
354 2285 462 2354 γὰρ
493 2283 773 2355 ἄντικρυς.
805 2279 975 2333 Τοῦτό
1003 2297 1066 2348 γε
1099 2277 1317 2340 πάντως
1347 2272 1525 2337 οἶσθα,
1548 2271 1628 2335 τὸ,

330 2488 541 2554 Οὐδεὶς
579 2485 868 2557 κομήτης,
897 2482 1066 2548 ὅστις
1095 2483 1166 2536 οὐ
1196 2475 1518 2549 ψηφίζεται.

199 2583 444 2656 Ἡμέρας
469 2581 568 2652 μὲν
606 2579 716 2651 γάρ
744 2595 898 2640 τινας
925 2576 1053 2646 ἑξῆς
1078 2575 1128 2628 οἱ
1155 2574 1405 2644 πολέμιοι
1431 2570 1773 2642 προσηγγέλ-

189 2678 346 2730 λοντο
368 2690 382 2704 ι
420 2671 591 2742 κάμοί
615 2687 674 2723 τε
705 2667 1044 2737 ἀπαντητέον
1072 2665 1266 2729 ἐδόκει,
1300 2664 1392 2716 καὶ
1434 2663 1772 2733 Βαλαγρίτας

192 2763 656 2834 συντεταγμένους
691 2761 884 2830 ἐξῆγεν
912 2761 940 2812 ὁ
983 2758 1259 2828 φύλαρχος
1287 2753 1423 2826 (41).
1475 2749 1607 2806 Εἶτα
1646 2751 1774 2819 ιροά-

184 2873 380 2920 σαντες
426 2856 508 2918 εἰς
544 2854 644 2924 τὴν
679 2850 918 2920 πεδινὴν,
967 2849 1386 2918 περιεμένομεν.
1438 2843 1687 2925 Οὺδαμοῦ
1717 2841 1774 2894 δὲ

183 2947 559 3018 φαινομένων,
615 2943 742 3014 περὶ
791 2939 1046 3012 βουλυτὸν
1093 2936 1488 3008 ἀπεχωροῦμεν
1544 2935 1774 2996 ἕκαστος

181 3039 364 3095 οἶκαδε
408 3036 521 3108 [γρ.
555 3033 718 3105 οἶκοι]
744 3077 758 3100 ,
807 3032 1125 3100 συνθέμενοι
1161 3029 1322 3084 πάλιν
1362 3027 1512 3126 ἥξειν
1552 3027 1632 3126 εἰς
1676 3024 1772 3126 τῂν
1800 3069 1842 3126 C

183 3129 512 3200 ὑστεραίαν·
562 3128 591 3179 ὁ
638 3125 696 3178 δὲ
748 3121 896 3194 Φρὺξ
950 3120 1203 3190 Ἰωάννης
1233 3119 1344 3189 (42)
1389 3117 1526 3180 τέως
1573 3115 1670 3186 μὲν
1705 3110 1772 3183 ἦν

180 3218 420 3290 οὐδαμοῦ
442 3234 457 3250 ο
486 3217 681 3271 οὔκουν
723 3215 865 3268 ὥστε
891 3215 985 3268 καὶ
1018 3211 1256 3283 φανερὸς
1285 3205 1426 3264 εἶναι
1445 3225 1458 3238 ·
1491 3210 1679 3278 φήμας
1720 3205 1777 3258 δὲ

184 3312 505 3382 ὑπέπεμπε,
537 3309 633 3362 νῦν
662 3309 760 3378 μὲν
786 3309 862 3371 ὡς
894 3305 1178 3372 κατεαγὼς
1204 3304 1315 3373 εἴη,
1344 3300 1439 3356 καὶ
1465 3299 1776 3370 διαπρίεται

181 3403 244 3457 τὸ
274 3402 494 3466 σκέλος·
527 3400 622 3454 νῦν
664 3400 720 3452 δὲ
757 3398 833 3462 ὡς
861 3398 922 3452 τὸ
967 3395 1154 3467 ἆσθμα
1201 3395 1382 3448 νοσεῖ·
1415 3391 1510 3444 νῦν
1540 3389 1598 3442 δὲ
1648 3389 1777 3444 ἄλλο

181 3512 236 3549 τι
268 3493 437 3547 κακὸν
466 3491 702 3558 ἐξαίσιον
740 3489 873 3560 ἔχει.
911 3486 1154 3540 Τοιοῦτοί
1181 3501 1327 3547 τινες
1356 3481 1585 3551 ἐφοίτων
1617 3480 1772 3548 λογο-

184 3584 350 3650 ποιοῖ,
378 3583 536 3646 ἄλλος
563 3581 784 3636 ἄλλοθεν
810 3580 967 3650 ήκειν
995 3578 1245 3648 φάμενοι,
1276 3574 1370 3628 τοῦ
1417 3573 1552 3644 μηδὲ
1600 3573 1768 3640 σαφὲς

183 3672 323 3728 εἷναι
350 3677 442 3728 ποῖ
483 3677 586 3744 γῆς
629 3673 880 3741 Ἰωάννης
921 3669 1166 3734 δέδυκεν,
1212 3666 1244 3738 ἢ
1281 3665 1602 3736 κρύπτεται.
1663 3663 1770 3715 Με-

181 3767 317 3832 ταξὺ
380 3766 427 3820 δ’
490 3766 557 3820 ἂν
607 3764 954 3836 διηγούμενοι
1004 3761 1141 3832 πρὸς
1199 3758 1298 3830 τὴν
1360 3757 1618 3826 ἀκαιρίαν
1670 3754 1768 3823 τῆς

184 3859 473 3930 συμφορᾶς
518 3854 896 3928 ἐσχετλίαζον,
957 3853 1316 3921 ὑπεδάκρυον.
1359 3847 1474 3901 Νῦν
1522 3847 1629 3899 ἔδει
1673 3844 1766 3898 τοῦ

183 3951 437 4021 γενναίου
481 3951 752 4019 λήματος·
791 3946 889 4000 νῦν
939 3945 1047 3999 τῶν
1093 3943 1303 3996 ἐκείνου
1347 3939 1562 4012 χειρῶν.
1599 3937 1663 3990 Τί
1703 3938 1770 3990 ἂν

187 4043 417 4112 ἐποίησε
441 4058 455 4106 ;
489 4039 543 4094 τί
570 4039 636 4094 ἂν
659 4039 911 4108 ὲγένετο;
960 4037 1068 4090 Καὶ
1095 4034 1190 4087 ἐπὶ
1230 4034 1415 4096 πᾶσιν,
1443 4028 1490 4084 ὣ
1515 4029 1608 4083 τοῦ
1659 4029 1772 4082 δαί-

189 4133 386 4204 μονοςί
441 4131 612 4185 εἰπὼν
667 4131 733 4185 ἂν
775 4130 1024 4192 ἕκαστος,
1067 4123 1163 4181 καὶ
1185 4125 1262 4178 τὼ
1301 4126 1452 4194 χεῖρε
1503 4119 1769 4184 πατάξας,

187 4222 579 4294 ἀπηλλάττετο.
597 4217 780 4275 Ἦσαν
802 4221 860 4274 δὲ
889 4211 1040 4272 οὗτοι
1066 4216 1173 4271 τῶν
1203 4216 1288 4268 ἐπ’
1312 4211 1488 4268 οὐδενὶ
1517 4210 1770 4284 χρησίμῳ

189 4313 359 4368 πάλαι
402 4313 908 4384 παρατρεφομένων
959 4309 1141 4380 αὐτῷ,
1193 4304 1429 4379 κομῆται
1469 4306 1563 4359 καὶ
1596 4297 1764 4366 οὗτοι,
1795 4341 1845 4398 D

189 4404 287 4457 καὶ
312 4401 464 4457 οὐδὲν
501 4401 673 4470 ὑγιὲς,

273 4601 488 4672 Ἄργῶν
516 4600 610 4670 ἠδ’
639 4600 861 4669 ἐρίφων
895 4595 1197 4666 ἐπιδήμιοι

188 4763 305 4819 Καὶ¹
329 4762 394 4834 νὴ
431 4761 556 4822 τοὺς
583 4760 761 4822 Θεοὺς,
787 4759 934 4815 ἔστιν
965 4759 1098 4811 ὅπου
1135 4757 1230 4810 καὶ
1256 4754 1551 4829 γυναι-κῶν.
1592 4754 1772 4809 Τοιού-

189 4871 318 4919 τους
348 4853 565 4924 λοχίτας
591 4852 656 4904 ἐκ
697 4848 893 4904 πολλοῦ
925 4847 1368 4919 παρεσκεύασται
1387 4862 1401 4876 ’
1435 4845 1555 4916 μεθ’
1581 4839 1656 4900 ὧν
1691 4839 1770 4900 εῖ-

1872 1818 2194 1879 arroganles
2240 1811 2535 1881 acceperit,
2588 1811 2985 1867 moderatiores
3030 1813 3190 1868 nobis
3235 1813 3456 1870 eiliciat.

1868 1898 1986 1954 Non
2018 1900 2162 1954 enim
2189 1899 2466 1971 deinceps,
2485 1901 2701 1972 Opinor,
2722 1902 2955 1972 superbe
2979 1902 3227 1957 volitabit
3253 1903 3308 1957 in
3341 1903 3460 1958 foro

1870 1991 2026 2047 dirus
2058 1992 2148 2046 ille
2179 1989 2453 2058 Joannes;
2501 2008 2603 2047 nec
2629 2041 2632 2043 .
2654 2007 2837 2064 pugno
2873 1993 3098 2064 itu-petet
3121 2011 3136 2058 ;
3161 2009 3260 2049 nec
3291 1996 3462 2049 calci-

1870 2082 1974 2137 bus
2013 2083 2430 2153 in'quetnquam
2483 2085 2870 2140 modestiorem
2915 2085 3140 2140 insiliet.
3184 2083 3308 2139 Heri
3340 2087 3463 2156 qui-

1869 2174 1992 2230 dem
2047 2175 2338 2231 manifeste
2386 2177 2738 2246 proverbium
2797 2179 2930 2232 illud
2979 2179 3331 2249 approbavit,
3377 2179 3460 2234 vel

1871 2266 2154 2320 oraculum
2209 2267 2415 2336 potius.
2483 2268 2779 2322 Oracnlum
2838 2269 2984 2323 enim
3046 2279 3130 2324 est
3188 2269 3456 2340 profecto,

1870 2359 2015 2428 quod
2046 2359 2272 2413 omnino
2311 2366 2367 2412 tu
2396 2374 2558 2415 nosse
2588 2358 2754 2414 debes
2779 2377 2793 2414 :

1980 2467 2180 2524 Nullus
2220 2470 2501 2539 capillum,
2531 2473 2657 2542 quin
2685 2471 2930 2526 cimedus
2951 2473 3042 2537 sit,
3069 2473 3228 2542 fovet.

1871 2559 2096 2628 Aliqnos
2127 2561 2271 2615 enim
2308 2561 2426 2616 dies
2451 2564 2712 2616 continuo
2740 2563 2974 2618 hostium
3025 2566 3283 2620 excursio
3313 2582 3461 2621 nun-

1872 2648 2145 2712 tiabatnr;
2201 2664 2264 2702 ac
2312 2649 2442 2702 mihi
2501 2650 2749 2719 placebat
2795 2651 3009 2704 occurri
3065 2658 3118 2706 et
3161 2651 3463 2723 Balagrita‘s

1871 2739 2178 2792 instructos
2209 2739 2467 2792 tribunus
2501 2741 2790 2794 eduxerat.
2824 2739 2956 2796 Post
2981 2743 3096 2797 hac
3123 2743 3176 2797 in
3214 2755 3462 2813 apertum

1879 2842 2134 2896 campum
2167 2827 2499 2896 prodeuntes
2545 2831 2981 2900 opperiebamur.
3021 2831 3127 2888 Sed
3160 2849 3282 2888 cum
3324 2844 3462 2889 nus-

1873 2932 2036 2986 quam
2069 2925 2469 2987 eomparerent,
2517 2920 2583 2972 ad
2633 2935 2911 2990 vesperam
2964 2922 3188 2976 domum
3227 2923 3463 2994 quisque

1882 3007 2168 3072 rediimus,
2200 3024 2325 3061 cum
2379 3009 2452 3063 ita
2479 3014 2850 3076 convenisset,
2883 3023 2942 3068 ut
2978 3015 3239 3083 postridie
3267 3017 3463 3070 iterum

1875 3097 2214 3154 adessemus.
2253 3099 2463 3155 Interea
2500 3101 2685 3172 Phryx
2720 3101 2960 3159 Joannes
3001 3121 3273 3176 nusquam
3319 3113 3459 3173 erat,

1879 3192 1939 3236 ut
1971 3199 2031 3239 se
2084 3185 2138 3238 in
2178 3198 2528 3257 conspectum
2577 3191 2731 3244 daret
2779 3192 3094 3262 hominum;
3140 3196 3235 3251 sed
3274 3211 3461 3258 rumo-

1878 3289 1968 3331 res
2003 3277 2291 3348 spargebat
2333 3298 2346 3333 :
2378 3280 2649 3336 interdum
2692 3281 2918 3354 fregisse
2951 3299 3105 3352 crus,
3145 3295 3308 3356 atque
3339 3289 3463 3344 ideo

1873 3365 2098 3434 praecidi
2145 3384 2159 3420 :
2223 3367 2496 3423 interdum
2555 3370 2921 3440 suspiriosum
2985 3387 3044 3427 se
3105 3389 3269 3442 esse;
3324 3377 3462 3431 alias

1878 3455 2086 3524 grande
2135 3457 2357 3525 aliquod
2420 3459 2522 3514 sibi
2580 3461 2780 3514 malum
2836 3461 3124 3518 accidisse.
3177 3460 3460 3531 Ejusmodi

1873 3545 2098 3615 quidam
2133 3545 2546 3615 famigeratorcs
2581 3551 2905 3616 volitabant,
2934 3552 3075 3610 alius
3117 3554 3337 3610 aliunde
3369 3571 3461 3611 ve-

1875 3637 1995 3691 nire
2027 3653 2088 3692 se
2132 3639 2467 3707 nuntiantes,
2510 3650 2570 3696 ut
2616 3658 2686 3696 ne
2735 3652 2885 3697 certo
2913 3651 3193 3701 constaret
3219 3661 3460 3717 quonam

1877 3735 2148 3782 terrarum
2181 3729 2462 3794 subiisset,
2499 3741 2660 3801 atque
2691 3732 2781 3787 ubi
2810 3733 3002 3789 lateret
3027 3733 3283 3791 Joannes.
3319 3737 3462 3794 Inter

1875 3821 2210 3875 narrandum
2239 3822 2704 3892 importunitatem
2735 3825 3065 3882 calamitatis
3094 3827 3258 3898 hujus
3281 3829 3461 3902 lacry-

1876 3912 2137 3967 mabundi
2185 3914 2574 3983 querebantur.
2622 3914 2798 3974 Nunc.
2845 3918 3040 3973 audaci
3093 3920 3186 3976 illo
3240 3932 3462 3992 pectore

1875 4021 2015 4075 opus
2050 4003 2192 4060 foret
2228 4023 2242 4060 :
2273 4021 2419 4061 nunc
2475 4007 2622 4062 illius
2666 4008 2958 4076 manibus;
3011 4012 3140 4081 quid
3193 4012 3463 4070 fecisset?

1874 4095 2184 4166 cnjusmodi
2240 4095 2472 4153 fuisset?
2516 4099 2596 4152 Ac
2644 4098 2884 4166 demum,
2936 4115 2971 4155 ο
3021 4101 3204 4157 infelix
3250 4102 3456 4158 fatum!

1875 4199 2000 4240 cum
2052 4186 2255 4256 singuli
2294 4186 2580 4252 dixissent,
2634 4202 2940 4259 manusque
3003 4191 3456 4261 complosissent;

1875 4279 2099 4333 abibant
2145 4293 2177 4332 e
2227 4279 2427 4344 medio,
2458 4287 2512 4335 et
2560 4288 2715 4335 erant
2757 4282 2834 4336 illi
2867 4298 2934 4337 ex
2981 4298 3169 4338 eorum
3206 4300 3458 4349 numero,

1874 4371 1968 4438 qui
2019 4369 2155 4425 nulli
2209 4369 2354 4426 bono
2397 4372 2538 4440 apud
2575 4388 2698 4428 eum
2749 4373 3084 4429 alebantur:
3120 4375 3357 4445 capillati
3405 4383 3460 4431 et

1873 4461 2003 4530 ipsi,
2035 4461 2318 4533 frugisque
2346 4464 2550 4519 nullius
2573 4482 2587 4518 :

1947 4573 2154 4645 Quique
2184 4591 2346 4646 agnos
2376 4573 2653 4647 Ita'dosque
2680 4579 2861 4647 palam
2890 4588 3102 4650 raptare
3126 4582 3385 4650 solebant,

1873 4770 1938 4813 ac
1975 4773 2071 4829 per
2104 4760 2238 4814 deos
2291 4773 2685 4831 nonnunquam
2738 4762 2905 4816 etiam
2957 4763 3235 4821 mulieres.
3292 4765 3454 4836 Ejus-

1873 4845 2021 4905 modi
2051 4849 2360 4919 manipulos
2384 4847 2704 4920 jamdudum
2725 4853 3101 4924 comparavit;
3126 4851 3452 4926 quibuscum

1462 5007 1642 5066 DION.
1685 5007 1959 5064 PETAVII
1991 5008 2222 5068 NOTAﬂ.

268 5169 380 5239 (40)
400 5165 654 5239 Joannis,
683 5165 844 5234 cuius
875 5177 1031 5239 saepe
1044 5161 1099 5215 in
1122 5160 1500 5239 superioribus
1524 5160 1767 5230 epistolis

190 5231 463 5297 meminit.
511 5231 829 5298 vanitatem,
885 5231 968 5287 ac'
1007 5231 1243 5285 fucatam
1310 5231 1768 5298 ambitiosamqne

193 5309 552 5363 stoliditatem
585 5304 991 5372 elegantissime
1018 5301 1285 5372 depingit,
1311 5300 1433 5372 qui,
1453 5299 1582 5352 dum
1609 5301 1768 5372 abes-

190 5384 278 5432 set
305 5374 629 5446 periculum,
674 5369 940 5446 strenuus
989 5386 1052 5446 ac
1085 5369 1244 5446 fortis
1273 5369 1588 5446 videbatur;
1626 5369 1767 5422 idem

195 5447 292 5500 nbi
307 5436 452 5499 'tnba
468 5443 856 5512 increpuisset,
880 5439 1256 5512 turpissimam
1281 5455 1339 5495 se
1358 5439 1412 5493 in
1435 5436 1617 5507 fugam
1638 5453 1769 5491 con-

196 5515 438 5570 iiciebat.

187 5533 689 5654 chzzz’)m.‘EE—n-rer
739 5584 772 5635 ό
819 5582 1146 5654 φύλαρχος.
1204 5575 1603 5654 B_alagritarnm
1659 5576 1771 5631 (lux

196 5647 472 5724 φύλαρχος
511 5647 835 5724 dicebatur;
847 5667 957 5722 quo
978 5647 1201 5705 nomine
1224 5647 1620 5703 Saracenorum
1639 5662 1771 5716 quo-

198 5721 306 5796 que
335 5721 502 5780 duces
527 5721 809 5793 appellari.

1913 5163 2056 5287 ⁸ἇιὲ.)
2098 5160 2310 5246 [ίτΧΙΙΙ]
2355 5165 2417 5218 '0
2447 5164 2518 5219 δὲ
2542 5165 2705 5247 Φρὺξ
2743 5165 3042 5250 Ἰωάννῃς.
3076 5169 3174 5252 γει
3203 5173 3328 5257 quia
3350 5173 3456 5255 _in-

1872 5233 1924 5288 dt
1969 5249 2056 5316 ent
2086 5236 2373 5316 oriundus,
2399 5237 2482 5291 vel
2512 5251 2655 5316 quia
2675 5238 2777 5291 hoc
2815 5253 3042 5316 nomine
3077 5257 3257 5312 Ignavr
3289 5252 3453 5298 etiam

1874 5304 2238 5373 appellantur.
2272 5304 2413 5361 Hinc
2441 5304 2695 5376 proverb.
2732 5310 2874 5378 apud
2913 5304 3138 5366 Suidam
3168 5329 3182 5365 :

2905 5421 3067 5486 Φρὺξ
3090 5421 3246 5491 ἀνὴρ

2015 5486 2271 5552 Πληγεὶς
2298 5484 2556 5557 ἀμείνων
2579 5499 2679 5543 και
2709 5484 3184 5561 ὃιηκονέὲγτερος.

1877 5574 2042 5711 si}st
2079 5575 2326 5659 δοκοῦσιν
2356 5579 2645 5650 ἀργότεροι
2679 5582 2774 5635 καὶ
2824 5581 3208 5652 νωχελέστεροι
3245 5580 3296 5633 oi
3321 5579 3456 5652 Φρύ-

1915 5661 1972 5706 ες
1995 5662 2022 5696 ο
2048 5661 2219 5699 κεται.

1915 5661 1972 5706 ες
1995 5661 2219 5699 οικεται.
