3838 6236
434 295 581 363 ῚιἺθ
1523 295 1788 358 8ὙΝΕ511
1829 302 1991 359 ρτυι

2091 304 2291 363 [MDIS
2328 305 2639 363 EPISCOPI
3564 324 3710 380 “80

432 420 617 475 virum
642 433 711 475 se
738 420 978 491 praebere
1018 435 1087 477 ne
1123 428 1354 475 conatur
1379 419 1599 490 quidem
1638 420 1894 478 :difﬁeile
1930 438 1990 477 es

2116 440 2204 479 ναι
2234 425 2332 494 μὲν
2364 426 2503 497 ἀνὴρ
2531 428 2639 480 οὐδ’
2661 429 2933 500 ἐπιχειρεῖ
2944 446 2962 458 ‘
2996 429 3227 501 χαλεπὸν
3251 432 3358 504 γάρ
3378 450 3395 465 ο
3432 438 3709 507 σοφιστὴς

437 512 607 567 enim.
646 510 886 567 Callidus
932 519 1112 567 autem
1159 518 1276 579 est;
1321 520 1376 566 et
1410 511 1868 581 quemadmodum
1899 528 1991 584 pra

2116 515 2163 569 δ’
2197 515 2344 576 ἐστὶ,
2377 519 2470 568 καὶ
2503 516 2577 579 ὡς
2624 516 2689 571 ἂν
2736 517 2959 581 δείξειεν
2998 521 3137 591 ἀνὴρ
3185 518 3323 575 εἶναι
3363 524 3525 593 παρά
3578 529 3709 587 τοὺς

434 602 674 666 caeteris,
701 602 793 672 qui
815 603 951 658 tales
989 602 1167 672 reipsa
1191 611 1340 669 sunt,
1363 602 1503 657 virili
1520 618 1645 657 esse
1658 604 1843 658 animo
1869 613 2018 673 pute-

425 700 546 757 tur,
582 695 787 763 optime
828 694 1131 750 consuluit.
1164 692 1274 749 Sed
1321 694 1452 749 mihi
1499 694 1716 749 fortuna
1756 698 2015 766 praeclare

422 782 584 839 illius
600 785 859 839 consiliis
883 785 1163 841 obstitisse
1188 785 1425 840 videtur.
1445 784 1707 852 Quintum
1735 789 1881 843 enim
1899 788 2012 857 jam

434 872 578 927 diem
598 888 721 928 cum
745 876 913 931 armis
936 875 1208 946 progressi
1235 874 1533 942 fueramus,
1566 892 1691 931 cum
1714 879 1891 933 adhuc
1916 880 2015 935 ho-

428 970 549 1020 stes
574 974 849 1021 extremos
876 966 1168 1035 provincia:
1211 966 1347 1022 lines
1377 969 1785 1037 popularentur,
1822 978 1934 1023 tum
1965 970 2013 1027 is

422 1054 503 1110 de
537 1054 751 1109 illorum
785 1056 1018 1110 adventu
1046 1057 1346 1127 desperans
1360 1060 1607 1128 .penitus,
1644 1061 1787 1130 quod
1814 1078 2013 1133 nequa-

425 1159 598 1215 quam
638 1146 692 1199 in
728 1146 986 1201 interiora
1015 1157 1303 1217 penetrare
1325 1150 1513 1205 ausuri
1542 1160 1746 1217 essent,
1794 1153 2011 1208 advolat

424 1234 593 1307 ω
613 1243 667 1291 et
693 1239 875 1291 omnia
910 1253 1105 1293 rursus
1140 1240 1552 1309 perturbatione
1576 1244 1837 1313 complet.
1868 1243 2008 1299 Tum

422 1335 614 1381 autem
639 1327 982 1397 aegritudinis
1016 1330 1226 1385 mentio
1248 1331 1417 1395 nulla,
1435 1334 1568 1402 quin
1595 1350 1691 1390 eos
1722 1334 2007 1401 irridebat,

419 1421 523 1489 vqui
557 1420 609 1474 id
646 1422 835 1477 audire
883 1424 1309 1493 sustinuissent;
1356 1442 1415 1482 se
1447 1440 1577 1481 vero
1631 1441 1662 1480 ο
1713 1425 2007 1495 longinqua

428 1514 660 1582 regione
690 1515 876 1569 nescio
901 1529 1011 1584 qua
1056 1526 1330 1572 revertere
1379 1518 1580 1572 aiebat.
1644 1515 1743 1571 Illo
1805 1516 2008 1587 quippe

418 1604 622 1659 auxilii
653 1603 864 1661 ferendi
894 1607 1072 1677 gratia
1100 1610 1342 1663 excitum
1382 1623 1442 1664 se
1474 1622 1625 1675 esse;
1654 1615 1708 1662 et
1745 1606 1847 1661 hac
1895 1621 2007 1662 una

420 1710 491 1752 re
523 1710 739 1760 eorum,
791 1698 887 1767 qui
926 1706 1280 1763 vocaverant,
1328 1712 1491 1770 agros
1541 1713 1666 1754 esse
1719 1708 2003 1765 servatos;

2114 606 2275 668 ὄντας
2319 606 2537 677 ἄνδρας,
2584 610 2781 679 άριστα
2831 610 3139 667 σκέπτεται.
3203 613 3364 667 Ἀλλά
3406 630 3510 683 μαι
3560 615 3710 668 δοκεῖ

2115 698 2296 761 καλῶς
2342 698 2493 769 αὑτῷ
2523 699 2583 752 τὺ
2618 700 2895 770 δαιμόνιον
2930 701 3497 759 άντιπολιτεὺσασθαι.
3552 706 3708 775 Πέμ-

2114 803 2255 858 πτην
2308 789 2408 859 μὲν
2448 790 2555 862 γὰρ
2599 791 2699 863 ἥδη
2750 793 2809 845 ἐν
2844 794 2959 856 τοῖς
3004 793 3189 857 ὅπλοις
3243 796 3421 867 μάτην
3464 798 3709 868 «posit.-

2113 878 2388 951 λύθειμεν,
2425 880 2505 935 ἔτι
2540 882 2609 936 τά
2656 885 3033 956 μετεωρότερα
3083 889 3541 958 κακουργούντων
3588 891 3705 942 τῶν

2112 968 2386 1040 πολεμίων
2407 986 2422 1001 ο
2454 973 2483 1024 6
2514 972 2570 1025 δὲ
2602 974 2695 1027 καὶ⁵
2724 974 3070 1029 παντάπασιν
3104 978 3373 1046 ἀπογνοὺς
3399 981 3559 1051 ἥξειν
3592 982 3705 1034 αὖ·

2110 1059 2255 1123 τοὺς,
2288 1058 2363 1123 ὡς
2411 1061 2511 1114 οὐκ
2541 1061 2607 1115 ἂν
2634 1063 2695 1115 τὸ
2728 1063 2892 1133 βάθος
2922 1070 3021 1136 τῆς
3068 1066 3250 1138 χώρας
3288 1069 3703 1140 θαρρήσαντας,

2113 1150 2312 1220 παρῆν,
2349 1152 2445 1204 καὶ
2475 1154 2652 1206 πάντα
2695 1154 2857 1219 εὐθὺς
2886 1156 2996 1226 (43)
3038 1158 3307 1228 ἀκοσμίας
3354 1160 3699 1230 ἐμπίπλησι.

2110 1242 2222 1295 Καὶ
2252 1243 2538 1309 ἀσθενείας
2572 1246 2670 1316 μὲν
2702 1247 2801 1301 οὐκ
2834 1234 3143 1319 ἐμέμνητοο
3192 1251 3465 1319 κατεγέλα
3503 1252 3577 1321 γέ
3612 1269 3698 1307 τοι

2110 1335 2205 1388 καὶ
2238 1335 2625 1408 ἀνασχομένων
2652 1338 2918 1394 ἀκοῦσαι·
2955 1340 3118 1405 αὐτὸς
3145 1341 3200 1395 δὲ
3232 1344 3388 1413 ἥκειν
3414 1344 3525 1416 ἔφη
3555 1346 3699 1416 πόρο

2110 1424 2303 1496 ρωθεν,
2357 1427 2458 1480 οὐκ
2512 1424 2627 1481 οῖδα
2674 1428 2817 1483 ὅθεν.
2884 1431 3032 1484 Ἐκεῖ
3072 1431 3180 1504 γάρ
3239 1435 3320 1497 είς
3362 1438 3701 1507 συμμαχίαν

2107 1516 2595 1588 παρακεκλῆσθαι·
2622 1520 2753 1591 παρ’
2784 1519 2814 1575 ὅ
2843 1521 2939 1577 καὶ
2968 1522 3235 1577 σεσῶσθαι
3263 1525 3390 1589 τοὺς
3427 1528 3702 1580 Emam};-

2109 1607 2375 1677 σαμένους
2410 1609 2634 1682 ἀγρούς.
2667 1611 2803 1666 Οὑδέ
2849 1613 2958 1685 γὰρ
2985 1614 3382 1685 ἐμϐεϐληκέναι
3425 1619 3564 1680 τοὺς
3599 1637 3703 1672 πο-

2105 1695 2347 1769 λεμίους,
2386 1700 2524 1770 πρὸς
2550 1702 2650 1771 τὴν
2701 1704 2890 1774 φήμην
2936 1703 3038 1773 τῆς
3090 1705 3329 1760 Ἰωάννου
3376 1711 3702 1777 παρουσίας

421 1804 610 1859 neque
636 1791 782 1846 enim
810 1792 1080 1863 irrupisse
1108 1793 1315 1856 hostes,
1332 1794 1449 1848 sola
1479 1794 1746 1850 adventus
1771 1792 1991 1852 Joannis

2103 1791 2574 1860 καταπλαγέντας.
2624 1794 2908 1863 Ἀσφαλῶς
2957 1795 3015 1850 δὲ
3062 1797 3222 1850 τάκεῖ
3265 1774 3701 1873 καταστησάμε-

428 1879 576 1935 fama
610 1883 915 1951 perculsos.
950 1883 1135 1939 Rebus
1159 1884 1420 1955 igituribi
1443 1885 1782 1951 constitutis,
1818 1886 2002 1942 statim

428 1972 499 2025 ad
533 1986 652 2027 eam
686 1974 981 2043 provinciae
1012 1983 1249 2046 partem,
1279 1991 1402 2046 quae
1433 1977 1759 2042 laborasset,
1802 1992 2001 2033 accur-

422 2060 569 2115 risse
606 2059 858 2117 dicebat:
908 2064 1223 2134 propediem
1257 2066 1402 2121 enim
1434 2077 1754 2138 exspectare
1782 2084 1842 2124 se
1863 2084 1999 2125 ven-

414 2156 603 2214 turos,
668 2153 714 2206 si
764 2153 887 2223 ejus
941 2156 1238 2225 praesentia
1291 2157 1597 2225 celaretur,
1648 2174 1749 2214 nec
1800 2174 2001 2216 nomen

421 2239 726 2298 eﬂ'erretur.
755 2240 1004 2314 Repente
1034 2244 1201 2315 igitur
1229 2248 1553 2317 perturbare
1577 2248 1743 2318 erepit
1786 2250 1996 2314 omnia,

421 2342 549 2383 cum
579 2345 640 2385 se
672 2346 955 2401 perperam
982 2331 1162 2389 ullicio
1193 2333 1353 2389 ducis
1377 2336 1733 2398 immisceret,
1759 2350 1825 2392 ac
1847 2338 1998 2393 brevi

416 2419 678 2475 vincendi
718 2429 891 2477 artem
920 2422 1255 2478 traditurum
1291 2423 1608 2495 pollicetur,
1648 2424 1763 2481 haec
1796 2426 1998 2482 identi-

412 2509 542 2566 dem
573 2512 956 2581 succlamans,
982 2513 1039 2568 in
1070 2513 1330 2580 frontem,
1361 2514 1417 2569 in
1446 2516 1791 2587 phalangem,
1820 2524 1875 2573 et
1927 2518 1997 2574 ad

418 2614 595 2657 cornu
621 2603 844 2673 saepius,
872 2610 928 2659 et
960 2604 1292 2674 quadratum
1307 2606 1603 2677 oblongum
1626 2607 1992 2678 ingeminans,

418 2689 784 2760 ordinumque
813 2692 1093 2762 appellans
1120 2693 1368 2758 nomina,
1420 2709 1652 2764 quorum
1709 2695 1995 2767 ignorabat

417 2794 601 2835 usum.
636 2778 778 2835 Sane
799 2780 1127 2850 quibusdam
1158 2782 1229 2837 ob
1248 2782 1302 2837 id
1333 2783 1534 2854 aliquis
1561 2799 1684 2840 esse
1713 2786 1864 2843 visus
1885 2796 1992 2855 est,

411 2870 511 2940 qui
541 2870 663 2939 ejus
701 2871 1074 2939 praedicabant
1117 2871 1383 2939 indolem,
1431 2889 1497 2930 ac
1557 2874 1812 2947 discipuli
1867 2894 1993 2936 esse

412 2962 730 3033 cupiebant.
796 2962 865 3016 Et
907 2964 1021 3033 jam
1080 2964 1598 3036 advesperascebat,
1668 2978 1992 3043 tempusque

416 3052 741 3123 irruptionis
771 3055 1100 3125 appetebat:
1160 3056 1347 3127 itaque
1398 3058 1549 3113 brevi
1584 3061 1865 3117 montibus
1914 3064 1994 3119 di-

415 3145 592 3216 gessi
622 3144 780 3214 longe
791 3146 1186 3217 processimus.
1219 3148 1321 3203 Hie
1348 3148 1732 3208 adolescentes
1751 3160 1992 3223 quatuor

413 3236 627 3291 rustico
656 3236 871 3304 habitu,
904 3237 1272 3295 vociferantes
1299 3250 1568 3311 quantum
1608 3246 1793 3315 capita
1850 3246 1992 3305 fere-

416 3326 567 3389 bant,
601 3339 771 3380 cursu
809 3324 875 3379 ad
917 3341 1017 3380 nos
1056 3328 1501 3394 contendebant,
1526 3339 1586 3383 ut
1631 3332 1834 3387 nemini
1869 3341 1993 3390 vate

409 3428 552 3484 Opus
583 3423 731 3468 esset
784 3412 853 3468 ad
901 3413 1263 3469 divinandum
1314 3417 1504 3473 hostes
1560 3420 1628 3474 ab
1661 3420 1731 3475 iis
1780 3424 1988 3493 metui,

413 3504 780 3574 festinatoque
808 3520 906 3560 eos
932 3505 1001 3560 ad
1053 3520 1204 3561 arma
1260 3518 1446 3564 nostra
1483 3521 1758 3580 receptum
1791 3513 1992 3571 habere

412 3596 571 3652 velle.
604 3598 682 3653 Ae
720 3597 1043 3668 priusquam
1102 3599 1321 3670 penitus
1355 3601 1479 3658 illos
1530 3602 1729 3660 adesse
1776 3604 1987 3661 hostem

411 3686 733 3743 nuntiantes
754 3689 1164 3754 exaudiremus,
1195 3690 1430 3747 miseros
1478 3691 1875 3752 homunciones
1928 3696 1984 3753 in

406 3775 570 3846 equis
598 3778 1001 3848 conspicimus,
1037 3781 1131 3850 qui
1163 3781 1294 3835 mihi
1329 3782 1492 3838 famis
1526 3782 1694 3838 ductu
1742 3787 1856 3857 regi
1900 3787 1986 3843 vi-

407 3866 723 3936 debentur,
752 3879 807 3925 et
831 3870 902 3925 ad
928 3881 1163 3926 mortem
1197 3888 1296 3942 pro
1328 3873 1651 3931 invadendis
1688 3877 1849 3934 bonis
1886 3894 1983 3934 no.

406 3960 540 4015 stris
592 3959 906 4017 obeundam
968 3977 1092 4019 esse
1152 3965 1511 4033 paratissimi.
1545 3966 1650 4034 Qui
1716 3984 1843 4023 eum
1882 3986 1985 4028 nos

403 4051 844 4120 conspexissent,
882 4056 1275 4125 conspectique
1312 4065 1521 4121 essent,
1563 4067 1859 4128 antequam
1894 4061 1983 4116 in-

407 4146 490 4193 tra
525 4140 617 4196 teli
641 4142 848 4211 jactum
895 4144 1177 4199 veniretur
1199 4188 1215 4213 ,
1252 4147 1354 4212 illi,
1389 4157 1448 4203 ut
1503 4150 1776 4218 solebant,
1826 4155 1982 4224 equis

402 4230 612 4301 delapsi
644 4249 705 4289 se
738 4233 807 4287 ad
838 4243 1117 4291 certamen
1161 4238 1524 4311 accingebant
1549 4259 1562 4296 :
1591 4243 1832 4314 mihique
1883 4245 1984 4301 ho-

404 4320 582 4377 mines
610 4322 809 4376 imitari
838 4322 986 4379 factu
1021 4326 1289 4396 Optimum
1326 4344 1449 4384 esse
1475 4331 1797 4389 videbatur:
1852 4351 1978 4391 nam

2102 1897 2215 1948 νος,
2250 1881 2387 1953 πρὸς
2420 1882 2480 1936 τὸ
2503 1883 2698 1938 πονοῦν
2733 1884 2838 1956 ἐφη
2863 1886 3265 1958 δεδραμηκέναι
3290 1888 3412 1961 [πρ.
3443 1895 3697 1947 καταδε-

2099 1970 2330 2046 δραμ.]·
2365 1975 2756 2047 προσδέχεσθαι
2783 1978 2893 2049 γὰρ
2931 1980 3054 2032 ὅσον
3098 1977 3251 2033 οῦπω
3292 1982 3423 2047 τοὺς
3464 1984 3689 2057 ἄνδρας,

2099 2061 2167 2133 ἢν
2204 2061 2341 2135 λάθῃ
2376 2064 2586 2137 παρὼν,
2624 2069 2719 2121 καὶ
2751 2068 2824 2139 μὴ
2845 2068 3061 2139 διαδοθῇ
3090 2067 3351 2139 τοῦνομα.
3378 2072 3563 2134 Εὐθὺς
3592 2073 3692 2130 οὖν

2098 2151 2316 2207 ἅπαντα
2343 2154 2613 2226 ἀκοσμίας
2641 2159 2947 2231 ἐμπίπλησι
2976 2173 3462 2239 παραστρατηγεῖν
3482 2171 3684 2238 ἀξιῶν,

2098 2244 2193 2297 καὶ
2229 2245 2289 2298 ἐν
2335 2244 2529 2319 βραχεῖ
2571 2248 2768 2323 τέχνην
2834 2252 2929 2307 τοῦ
2971 2257 3126 2327 νικᾷν
3173 2260 3523 2331 παραδώσειν
3574 2266 3684 2319 ὺπ-

2099 2336 2468 2407 ισχνούμενος,
2505 2338 2643 2409 βοῶν
2682 2342 2775 2396 ἐπὶ
2826 2345 3094 2414 μέτωπον,
3125 2349 3218 2401 ἐπὶ
3251 2353 3532 2422 φάλαγγα,
3586 2358 3682 2411 καὶ

2097 2428 2241 2483 κατά
2280 2430 2340 2483 τὸ
2361 2430 2547 2517 ᾲκέρας
2579 2433 2735 2497 πολὺ,
2787 2435 2849 2488 τὸ
2897 2436 3179 2493 πλαίσιονο
3219 2443 3392 2497 ποιῶν
3435 2447 3681 2517 ὀνόματα

2094 2518 2320 2586 τάξεων,
2352 2515 2426 2575 ὧν
2457 2520 2641 2592 ἠγνόει
2670 2526 2769 2596 τὴν
2797 2528 3008 2599 χρείαν.
3043 2532 3155 2585 Καί
3180 2549 3323 2587 τισιν
3346 2536 3458 2592 ἀπὸ
3484 2515 3680 2592 τούτου

2095 2610 2239 2676 ἔδοξέ
2275 2628 2357 2677 τις
2406 2609 2568 2679 εἶναι,
2610 2618 2704 2671 καὶ
2733 2619 2833 2690 τήν
2872 2637 2934 2688 γε
2969 2622 3129 2690 φύσιν
3170 2625 3558 2704 ἐμακάριζονη
3584 2633 3684 2684 καὶ

2095 2703 2409 2775 ἐμαθητίων
2454 2708 2658 2764 πολλοί.
2709 2711 2847 2782 Ἤδη
2876 2712 2932 2765 δὲ
2977 2714 3124 2786 δείλη
3163 2733 3222 2770 τε
3270 2712 3339 2788 ἦν
3377 2703 3552 2789 ὀψίας
3584 2721 3683 2774 καὶ

2094 2796 2283 2865 καιρὸς
2308 2798 2497 2867 ἐφόδου
2517 2816 2532 2831 ⁸
2580 2803 2675 2854 καὶ
2701 2802 2763 2873 δὴ
2807 2804 2995 2875 πρόσω
3023 2808 3122 2876 τῆς
3157 2808 3376 2882 ὀρεινῆς
3403 2814 3683 2870 καταϐαίο

2092 2903 2275 2951 νοντες
2350 2890 2668 2961 ἐγενόμεθα.
2751 2896 3045 2950 Κάνταῦθα
3103 2901 3311 2954 νεανίαι
3382 2905 3680 2979 τέσσαρες,

2091 2975 2417 3048 ἐσταλμένοι
2450 2981 2757 3053 χωριτικῶς
2786 2984 2898 3056 [γρ.
2934 2989 3231 3062 χωρικῶς],
3276 2995 3370 3047 καὶ
3408 2975 3683 3070 κεκραγίιξ

2091 3083 2183 3129 τες
2201 3069 2324 3121 ὅσον
2344 3068 2584 3141 ἐχώρουν
2610 3073 2665 3125 αἱ
2689 3075 2942 3142 κεφαλαὶ,
2964 3077 3146 3151 δρόμῳ
3170 3082 3306 3154 πρὸς
3328 3087 3479 3155 ἡμᾶς
3499 3068 3677 3158 ἔθεον,

2089 3156 2166 3221 ὡς
2193 3158 2384 3229 μηδενὶ
2431 3163 2677 3231 μάντεως
2704 3164 2833 3229 δεῖν,
2868 3170 2948 3221 ὅτι
2980 3170 3271 3243 πολεμίους
3300 3156 3678 3251 πεφόϐηνταις

2090 3250 2186 3302 καὶ
2215 3252 2536 3307 σπεύδουσιν
2585 3255 2715 3310 εἴσω
2751 3261 2861 3312 τῶν
2901 3262 3081 3319 ὃπλων
3119 3268 3393 3335 γενέσθαι.
3431 3250 3573 3344 Πρὶν
3618 3280 3684 3333 δέ

2090 3342 2186 3395 καὶ
2214 3343 2392 3408 καλῶς
2423 3346 2603 3400 αὐτῶν
2634 3350 2854 3404 ἐκείνων
2882 3353 3134 3419 ἀκοῦσαι,
3165 3359 3433 3427 λεγόντων
3461 3342 3546 3419 ὅτι
3580 3373 3685 3423 καὶ

2088 3429 2171 3529 δὴ.
2208 3433 2485 3529 πάρεισιν,
2521 3437 2741 3507 ὁρῶμεν
2779 3442 2864 3509 ἐφ’
2903 3444 3085 3498 ἵππων
3130 3449 3396 3523 ἀνδράρια
3428 3461 3679 3529 πονηρὰ,

2088 3521 2202 3585 καὶ,
2221 3521 2300 3587 ὡς
2324 3525 2446 3595 ἐμοὶ
2471 3526 2647 3581 δοκεῖν
2672 3527 2787 3599 [γρ.
2807 3530 2997 3603 δοκεῖζ,
3023 3535 3129 3588 ὑπὸ
3148 3521 3315 3608 λιμοῦή
3332 3521 3683 3614 στρατηγοῶ

2090 3628 2227 3706 μενά
2247 3630 2260 3645 ’
2296 3617 2691 3689 προχειρότατα
2715 3619 2760 3673 δ’
2786 3616 2879 3675 οὖν
2913 3623 3053 3696 ὑπὲρ
3079 3626 3186 3680 τῶν
3211 3630 3502 3704 ἡμετέρων
3528 3639 3678 3706 ἀγα-

2085 3700 2197 3790 θῶν
2229 3703 2593 3777 ἀποθνήσκειν
2619 3710 2889 3766 ἐθέλοντα.
2935 3714 3149 3790 Ἐπειδὴ
3186 3718 3233 3772 δ’
3260 3716 3355 3775 οὖν
3387 3700 3534 3779 εἶδον
3574 3700 3678 3785 καὶ

2085 3787 2367 3881 ωφθησαν,
2393 3796 2523 3867 πρὶν
2548 3797 2678 3851 εἴσω
2704 3799 2892 3870 βέλους
2916 3803 3110 3871 ἐλθεῖν,
3213 3809 3314 3879 μὲν
3334 3812 3672 3881 ἀποϐάντες,

2083 3879 2274 3971 ὥσπερ
2298 3883 2581 3949 εἰώθεσαν,
2605 3886 2715 3942 τῶν
2741 3890 2942 3957 ἵππων,
2969 3894 3049 3957 ὡς
3070 3898 3148 3961 είς
3174 3899 3357 3971 μάχην
3384 3879 3673 3961 διεσκευάο

2085 3970 2273 4035 ζοντο·
2310 3975 2406 4028 καί
2454 3994 2545 4048 μοι
2590 3979 2769 4045 καλῶς
2815 3981 2959 4053 ἔχειν
3003 3985 3177 4041 ἐδόκει
3220 3970 3513 4061 μιμεῖσθαι
3538 4002 3671 4062 τοὺς

2082 4064 2313 4135 ἄνδρας⁹
2366 4068 2459 4121 καὶ
2502 4070 2610 4141 γὰρ
2646 4072 2867 4141 ἄφιππα
2913 4071 2999 4146 ἦν.
3050 4077 3107 4131 '0
3155 4080 3215 4133 δὲ
3257 4086 3524 4150 γεννάδας
3565 4091 3666 4143 οὐκ

2082 4152 2188 4245 ἔφη
2228 4160 2646 4230 παρανομήσειν
2674 4163 2754 4226 είς
2780 4164 2878 4235 τὴν
2908 4167 3158 4239 ἱππικὴν,
3190 4171 3327 4225 ἀλλὰ
3348 4175 3440 4228 τὸν
3474 4177 3662 4245 ἀγῶνα

2080 4244 2190 4299 τῶν
2231 4246 2413 4300 ἵππων
2458 4252 2724 4321 ποιήσειν.
2773 4254 2839 4306 Τί
2883 4252 3016 4323 οὖν;
3060 4260 3425 4333 Παρενεγκὼν
3474 4268 3573 4344 βίᾳ
3603 4275 3663 4325 τὸ

2081 4337 2295 4406 ψάλιον,
2347 4342 2443 4395 καὶ
2493 4347 2931 4417 μεταστραφεὶς,
2978 4350 3207 4420 ἔφευγεν
3239 4337 3559 4427 ἀνακράτος.
3585 4361 3666 4428 ἐξ·

403 4411 554 4482 regio
582 4413 699 4482 ipsa
731 4414 1002 4483 equitatui
1054 4425 1363 4487 opportuna
1400 4436 1509 4475 non
1560 4433 1700 4477 erat.
1766 4424 1973 4483 Verum

2091 4428 2337 4499 ελαύνων,
2369 4411 2680 4505 ἐξαιματῶν
2701 4411 2797 4490 ⁷τὸν
2827 4411 3263 4503 ἵππονξᾶπασαν
3294 4411 3662 4521 ἡνίαν

400 4504 811 4572 generosusille
841 4521 1180 4577 nequaquam
1204 4525 1263 4564 se
1293 4510 1347 4563 in
1374 4513 1618 4580 equitum
1645 4514 1770 4584 jura
1792 4533 1979 4587 pecca-

402 4602 587 4647 turum
616 4610 741 4651 esse
763 4595 929 4663 dixit,
962 4599 1054 4653 sed
1084 4608 1343 4669 equestre
1374 4613 1654 4659 certamen
1688 4607 1970 4666 initurum.

400 4683 541 4748 Quid
577 4695 689 4739 tum
717 4685 919 4755 igitur?
949 4685 1120 4743 frenis
1148 4690 1413 4745 violenter
1447 4692 1699 4761 detortis,
1742 4711 1971 4755 aversus

400 4773 535 4843 ipse,
557 4784 763 4846 quanto
790 4786 1008 4848 poterat
1036 4778 1243 4850 impetu
1272 4780 1536 4853 fugiebat,
1567 4801 1771 4856 equum
1801 4803 1970 4844 eruo-

398 4879 459 4919 re
493 4880 757 4937 spargens
780 4908 795 4934 ,
825 4867 1016 4925 eﬂ'usis
1042 4870 1271 4928 habenis
1301 4875 1559 4931 omnibus
1577 4914 1592 4942 ,
1617 4877 1968 4951 stimulisque

397 4957 653 5012 omnibus
724 4959 961 5015 admotis
1002 4980 1016 5016 :

396 5059 499 5099 vox
565 5048 631 5100 ad
714 5048 1055 5105 incitandum
1119 5052 1304 5107 acrius
1359 5055 1668 5111 insonabat.
1747 5057 1805 5112 ln
1859 5076 1969 5130 quo

395 5133 614 5192 diﬂicile
663 5145 750 5193 est
812 5139 984 5205 dictu,
1014 5141 1179 5215 246
1234 5152 1416 5199 utrum
1461 5147 1643 5217 potius
1693 5149 1971 5211 laudasset

394 5225 691 5295 quispiam,
759 5245 1032 5300 equuinne
1089 5249 1158 5288 an
1196 5238 1455 5307 equitem.
1531 5237 1667 5292 Nam
1725 5240 1816 5295 ille
1870 5230 1973 5311 per

393 5316 623 5371 declivia
675 5321 902 5389 perinde
926 5338 991 5378 ac
1045 5341 1143 5395 per
1200 5331 1426 5384 acclivia
1510 5345 1713 5400 perque
1759 5335 1973 5388 consita

2082 4519 2295 4612 κέντρῳ
2335 4525 2499 4576 παντὶ
2523 4527 2805 4595 χρώμενος
2824 4546 2837 4559 ⁸
2878 4532 2971 4585 καὶ
3001 4533 3033 4601 ἡ
3064 4535 3264 4603 μάστιξ
3296 4543 3474 4612 πυκνή
3500 4519 3541 4575 ’ἡ
3568 4547 3665 4598 καὶ

2080 4611 2241 4682 ήβοὴ
2278 4613 2339 4667 τὸ
2386 4614 2734 4673 κελευστικὸν
2780 4622 2916 4692 ἤχει.
2958 4624 3047 4677 Ἐν
3079 4628 3255 4699 τούτῳ
3291 4632 3347 4684 δὲ
3392 4611 3498 4687 οὐκ
3546 4637 3663 4690 ἐστι

2080 4703 2259 4774 ῥᾴδιον
2298 4706 2490 4772 εἰπεῖν,
2520 4708 2702 4763 ὅντινά
2757 4730 2838 4777 τις
2879 4716 3078 4784 μᾶλλον
3127 4720 3381 4792 ἐπῄνεσε,
3424 4728 3666 4797 πότερον

2075 4792 2165 4847 τὸν
2217 4794 2402 4861 ἵππον,
2449 4796 2601 4867 ἦτον
2638 4802 2840 4854 ἱππέαο
2893 4807 2920 4858 6
2976 4807 3210 4881 μὲνγὰρ
3254 4814 3463 4881 ὁμοίως
3515 4792 3664 4875 κατὰ

2074 4887 2315 4956 πρανῶν,
2355 4890 2554 4958 ὁμοίως
2593 4894 2711 4947 κατ’
2753 4896 2949 4966 ὀρθίων
2995 4901 3241 4970 ἐφέρετο,
3292 4906 3391 4958 καὶ
3429 4909 3521 4963 διὰ
3556 4914 3668 4967 τῶν

1086 4972 1201 5017 tum
1284 4966 1478 5021 crebra
1571 4969 1839 5035 verbera,
1918 4980 1973 5027 et

2091 4975 2298 5040 haéwv,
2348 4980 2442 5031 καὶ
2486 4980 2575 5035 διὰ
2614 4983 2722 5036 τῶν
2759 4986 2948 5054 ψιλῶν,
2981 4966 3130 5063 ῥύμη
3175 4995 3274 5063 μιᾷ
3312 4994 3552 5067 διεπήδα
3578 4966 3669 5056 τάέ

2068 5082 2257 5135 φρους,
2276 5068 2414 5140 ὑπὲρ
2436 5073 2558 5134 τοὺς
2585 5072 2780 5143 δχθους
2803 5076 2965 5147 ρετο
2985 5097 2999 5109 ·
3034 5082 3063 5133 6
3100 5081 3177 5143 δέ,
3198 5083 3284 5137 διὰ
3308 5089 3536 5141 πάντων
3556 5094 3667 5145 τῶν

2068 5157 2284 5247 χωρίων
2324 5160 2518 5232 ἔποχος
2554 5159 2642 5234 ἦν,
2674 5168 2768 5220 καὶ
2797 5170 2854 5220 ἐν
2895 5170 3067 5223 οὐδενὶ
3090 5176 3189 5243 τῆς
3230 5175 3509 5247 καθέδρας
3546 5183 3667 5234 diu-

2073 5246 2259 5317 σθησε.
2297 5252 2453 5304 Δοκεῖ
2484 5254 2592 5325 γάρ
2645 5273 2737 5326 μοι
2776 5260 2870 5312 καὶ
2905 5262 3017 5324 τοῖς
3054 5262 3335 5334 πολεμίοις
3379 5246 3528 5341 καλὴ
3568 5272 3663 5324 03's.

2077 5340 2347 5407 γενέσθαι,
2381 5345 2474 5398 καὶ
2508 5346 2585 5410 ὡς
2627 5349 2795 5403 πολλά
2822 5351 2888 5405 ἀν
2915 5351 3165 5417 εὔξαιντο
3208 5357 3441 5414 τοιαῦτα
3472 5365 3661 5418 θεάσα-

1649 5484 1831 5540 DION.
1856 5486 2127 5543 PETAVII
2166 5491 2404 5551 NOTAS.

608 5625 839 5707 ηαρῆν,
864 5628 963 5681 καὶ
990 5630 1185 5707 πάντα
1201 5636 1399 5707 εὐθὺς.
1432 5636 1824 5707 Dispunximus
1853 5642 1956 5696 ali-

393 5698 526 5753 quot
566 5704 727 5748 voces
773 5712 1058 5769 perperam
1097 5698 1415 5762 inculcatas.
1449 5698 1545 5764 Sic
1564 5713 1707 5765 enim
1749 5712 1807 5768 in
1839 5713 1957 5767 vul-

2063 5647 2205 5733 ﬁalis
2245 5651 2446 5721 παρῆν,
2490 5656 2791 5733 καῖ-πάντα
2830 5661 3179 5733 εἰλημμένος,
3220 5669 3316 5722 καὶ
3356 5671 3545 5727 πάντα
3572 5675 3663 5730 ei)»

2065 5713 2183 5783 θύς,
2206 5713 2335 5790 quae
2357 5713 2393 5777 ai
2421 5713 2697 5784 veteribus
2730 5713 2975 5788 aberant:
