3838 6236
179 316 307 374 “8|

1338 287 1737 367 EPlSTOLJE.
1776 339 1846 349 -

1883 301 2103 365 EPIST.
2141 308 2253 366 CV.
3301 313 3443 371 “8!

179 434 323 487 σθαι.
360 426 439 485 Ού
473 429 581 500 μὴν
602 428 664 482 τό
688 428 740 496 γ’
766 427 850 498 ἐφ’
873 428 1027 499 ἡμῖν,
1056 422 1213 480 εἶδον.
1255 424 1396 480 Ἀλλ’
1429 417 1758 495 ἀθυμότεροι

1863 438 1974 479 non
1999 423 2185 481 minus
2236 438 2403 496 quam
2428 414 2577 480 nuda
2607 421 2928 480 ferebatur:
2960 437 3073 481 uno
3108 422 3289 482 fossas
3336 426 3442 484 im-

180 522 298 592 μὲν,
323 520 401 584 ὡς
436 518 499 572 τὸ
526 518 692 583 είκδς,
721 517 1044 588 ἐγενόμεθα,
1072 514 1397 587 ψευσθέντες
1430 513 1585 586 παρά
1619 514 1763 568 πολὺ

174 614 284 667 τῶν
313 614 393 676 είς
430 612 526 665 τὸν
555 611 804 682 κομήτην
836 609 1088 664 ἐλπίδων.
1134 607 1473 679 Ἐταξάμεθα
1500 605 1653 676 γοῦν,
1683 600 1766 671 ὡς

174 706 342 770 εἴτις
380 705 547 770 ἐπίοι,
598 705 876 776 δεξόμενοι
899 717 916 733 ⁸
945 703 1100 758 αὐτοὶ
1148 702 1205 756 δὲ
1253 701 1434 772 μάχης
1477 701 1670 771 ἄρχειν
1697 699 1765 753 οὐ

173 797 551 869 διενοούμεθα.
604 798 717 850 Καὶ
767 795 878 866 γὰρ
927 795 1076 857 ὅστις
1148 792 1312 856 αὐτὸς
1364 790 1599 863 εὔψυχος
1665 785 1757 862 ἦν,

172 892 397 962 ἠπίστει
444 888 521 961 τῷ
569 891 773 952 πέλας,
829 886 966 959 πρὸς
1012 884 1365 957 παράδειγμα
1420 882 1482 937 τὸ
1535 878 1761 952 γεγονὸς

172 982 338 1054 ὁρῶν.
376 981 546 1036 Ἔνθα
579 980 732 1034 ούδέν
760 975 831 1051 ἦν
878 977 1093 1049 αἴσχιον
1121 976 1321 1048 κόμης.
1356 973 1513 1029 Οὕτω
1542 976 1652 1046 γὰρ
1690 969 1764 1046 ἦν

175 1078 394 1150 πρῶτος
420 1068 575 1138 οὗτος
600 1074 973 1141 ἐπιδοξότατος
1000 1071 1137 1143 πρὸς
1165 1070 1226 1123 τὸ
1262 1068 1560 1141 προδώσειν
1589 1069 1757 1139 ἡμᾶς.

174 1171 254 1225 Οὐ
284 1169 394 1240 μὴν
433 1167 569 1221 ἀλλὰ
596 1167 693 1222 καὶ
725 1168 837 1230 τοῖς
882 1163 1165 1235 πολεμίοις
1192 1160 1389 1215 ταυτὸν
1433 1159 1564 1223 ἴσως
1601 1157 1761 1212 τοῦτο

173 1265 462 1336 παρέστη·
513 1260 610 1315 καὶ
654 1259 950 1330 ταξάμενοι
1000 1257 1326 1329 περιέμενον
1361 1254 1531 1326 ἡμᾶς,
1574 1252 1651 1317 ὼς
1690 1252 1759 1324 ἢν

172 1349 525 1421 ἐμϐάλωμεν,
571 1346 961 1418 ἀμυνούμενοι.
1025 1342 1175 1395 Ἐπεὶ
1201 1340 1260 1394 δὲ
1296 1339 1425 1411 παρ’
1460 1338 1760 1410 οὐδετέρων

170 1445 533 1515 ἐπεχειρεῖτο,
561 1440 781 1513 πρῶτον
817 1437 913 1509 μὲν
954 1435 1107 1490 αὐτοὶ
1132 1434 1231 1505 τὴν
1261 1434 1354 1487 ἐπὶ
1388 1432 1457 1487 τὰ
1488 1432 1617 1487 λαιά
1656 1432 1758 1501 φέ-

173 1552 399 1607 ρουσαν,
423 1533 515 1586 καὶ
538 1532 653 1602 μετ’
684 1528 925 1592 ἐκείνους
944 1529 1107 1599 ἡμεῖς
1128 1524 1228 1597 τὴν
1256 1523 1348 1577 ἐπὶ
1374 1522 1576 1594 θάτερα
1597 1524 1759 1594 ἐτραο

168 1623 413 1694 πόμεθα,
444 1620 554 1675 οὐδ’
587 1620 761 1689 ἕτεροι
796 1617 989 1671 θᾶττον
1036 1615 1070 1686 ἢ
1118 1614 1304 1685 βάδην,
1345 1611 1482 1667 ἀλλὰ
1526 1610 1759 1682 σχολαίῳ

170 1716 492 1788 βαδίσματι,
526 1711 605 1783 τῷ
640 1711 715 1782 μὴ
741 1711 921 1763 δοκεῖν
957 1704 1099 1761 εἶναι
1133 1706 1312 1777 φυγὴν
1341 1704 1438 1777 τὴν
1467 1703 1758 1775 ἀναχώρη-

168 1785 281 1863 σιν.
316 1802 450 1859 Εἶτα
497 1804 679 1874 μέντοι
713 1802 919 1872 καίπερ
964 1802 1024 1854 ἐν
1052 1800 1263 1862 τούτοις
1295 1797 1469 1861 ὄντες,
1520 1794 1758 1849 ἐπυνθα-
1789 1785 1831 1841 Β

167 1900 381 1970 νόμεθα
414 1901 507 1952 ποῖ
532 1896 636 1966 γῆς
677 1896 952 1965 Ἰωάννης.
992 1894 1051 1947 ’0
1087 1891 1132 1944 δ’
1162 1892 1243 1945 ἐνὶ
1283 1890 1552 1960 πνεύματι
1582 1904 1754 1943 κατα·

168 1990 358 2045 λαϐὼν
404 1989 513 2059 ἄρα
559 1987 658 2058 τὴν
705 1982 1009 2053 Βομὸαίαν,
1054 1981 1212 2052 δίκην
1255 1976 1551 2051 ἀρουραίου
1597 1978 1752 2048 μυὸς,

167 2083 475 2141 ἐνεδεδύκει
507 2083 574 2152 τῇ
615 2078 811 2149 πέτρα.
848 2077 1013 2147 Ὄρος
1039 2074 1187 2127 ἐστὶν
1215 2075 1250 2144 ἡ
1280 2071 1527 2143 Βομδαία
1555 2071 1753 2133 κοῖλον,

167 2177 203 2232 ὃ
249 2174 601 2231 συνελθοῦσαι
630 2173 793 2243 τέχνη
825 2170 920 2223 καὶ
952 2168 1114 2239 φύσις
1141 2166 1468 2238 εἰργάσαντο
1497 2163 1757 2236 φρούριον

169 2271 559 2342 ἐρυμνότατον.
583 2265 752 2318 Τοῦτο
779 2263 872 2317 ml.
893 2262 1060 2316 πάλαι
1082 2260 1181 2331 μὲν
1201 2257 1480 2329 εὐδοκίμει
1503 2256 1724 2327 δικαίως
1740 2272 1755 2288 ⁸

168 2362 267 2418 καί
294 2378 438 2424 τινες
468 2358 601 2413 αὐτὸ
628 2356 778 2428 παρά
806 2355 907 2418 τὰς
936 2351 1239 2422 Αίγυπτίας
1277 2348 1535 2421 ἐξήταζον
1574 2349 1761 2421 σύριγ-

168 2468 279 2521 γας
325 2450 471 2520 (44)·
522 2446 643 2501 νυνὶ
682 2446 739 2498 δὲ
782 2443 1036 2514 κέκριται
1080 2441 1148 2495 τά
1182 2438 1461 2510 πανταχοῦ
1500 2438 1653 2511 τείχη
1682 2456 1763 2492 νι-

168 2543 299 2614 κᾷν,
334 2537 414 2604 οἷς
436 2542 464 2594 ό
508 2538 657 2610 παρὰ
699 2537 908 2599 πάντας
946 2533 1141 2587 ἐαυτοῦ
1173 2533 1651 2606 προμηθέστατος,
1676 2533 1762 2587 ἵνα

173 2633 254 2706 μὴ
300 2633 420 2686 λίαν
471 2632 747 2703 ἀγροίκως
789 2631 927 2687 εῖπω
970 2628 1299 2691 δειλότατος,
1349 2625 1482 2679 αὐτὸ
1543 2625 1604 2677 τὸ
1666 2623 1760 2677 τοῦ

168 2726 501 2796 πράγματος
520 2721 897 2794 δνομα,τούτῳ
920 2718 1339 2792 παρακάθηται·
1361 2719 1454 2771 καὶ
1476 2716 1573 2787 τὴν
1597 2715 1661 2786 If.
1681 2716 1762 2778 είς

169 2816 297 2892 τὴν]
339 2815 611 2888 σωτηρίαν
645 2813 1009 2885 προὺτίμησε.
1039 2809 1149 2867 Καὶ
1193 2808 1303 2880 γὰρ
1336 2806 1630 2861 εἰσελθόντι
1667 2804 1763 2858 λα-

170 2908 503 2981 ϐυρινθῶδὲς
552 2908 690 2971 ἐστι,
740 2906 832 2961 καὶ
877 2902 1300 2971 δυσδιεξίτητον,
1339 2899 1417 2963 ὡς
1463 2899 1656 2968 μόνους
1695 2896 1761 2951 ἂν

170 3003 423 3076 χωρῆσαι
450 2999 578 3061 τοὺς
637 2998 883 3052 Ἰωάννου
908 2992 1208 3067 δρασμούς.

1865 520 1991 584 petu
2044 513 2481 580 transmittebat,
2536 528 2708 585 supra
2756 513 3003 570 tumulos
3046 514 3443 571 attollebatur:

1862 602 1954 659 hic
1985 603 2190 674 ubique
2215 604 2491 661 insidebat
2513 619 2679 675 equo,
2710 618 2813 660 nec
2838 618 3070 675 usquam
3100 604 3169 661 de
3196 607 3447 662 sessione

1861 695 2152 766 prolapsus
2185 704 2290 751 est.
2354 696 2488 753 Mihi
2552 696 2700 752 enim
2738 705 2794 753 et
2832 696 3085 753 hostibus
3136 696 3444 767 jucundunt

1862 787 1968 843 hoc
1998 790 2375 860 spectaculum
2406 788 2678 847 accidisse
2701 787 2948 845 videtur:
2990 788 3306 858 eujusmodi
3355 788 3446 845 in-

1862 880 2004 936 tueri
2035 894 2197 950 quam
2228 881 2460 952 plurima
2490 882 2737 951 cupiant,
2766 895 2889 951 quae
2916 887 3123 943 tamen,
3178 890 3445 952 quantum

1862 969 1920 1024 in
1960 970 2122 1027 nobis
2154 969 2279 1036 fuit,
2313 971 2543 1025 minime
2570 970 2855 1026 viderunt.
2888 968 2995 1026 Sed
3026 971 3235 1035 animo,
3270 977 3331 1025 ut
3347 984 3447 1041 par

1864 1068 2009 1126 erat,
2063 1062 2468 1118 contractiores
2519 1060 2748 1125 fuimus,
2806 1061 3106 1132 plurimum
3165 1074 3265 1133 spe
3297 1063 3446 1129 falsi,

1862 1168 2029 1224 quam
2065 1152 2121 1209 in
2183 1152 2502 1209 cincinnato
2536 1153 2644 1209 isto
2680 1153 2993 1210 habuimus.
3026 1157 3219 1226 Itaque
3268 1156 3446 1216 aciem

1861 1245 2245 1310 instruximus,
2278 1254 2542 1317 tanquam
2571 1246 2816 1311 hostem,
2850 1248 2896 1303 si
2930 1247 3087 1318 prior
3119 1249 3449 1321 aggredere—

1862 1349 1971 1407 tur,
1994 1339 2307 1410 excepturi;
2334 1339 2440 1410 ipsi
2457 1347 2640 1394 autem
2666 1340 2914 1410 praelium
2944 1341 3202 1397 invadere
3222 1340 3449 1397 minimo

1861 1428 2182 1485 statuimus.
2221 1428 2435 1484 Etenim
2462 1430 2558 1500 qui
2590 1431 2986 1502 strenuusipse
3011 1445 3077 1486 ac
3102 1430 3260 1487 fortis
3275 1439 3445 1494 esset.

1860 1519 2014 1576 socio
2047 1527 2230 1574 tamen
2264 1517 2569 1585 dilIidebat,
2604 1534 2730 1575 eum
2765 1521 2835 1575 ad
2885 1535 3081 1577 recens
3128 1520 3446 1592 exemplum

1862 1612 2182 1681 respiceret.
2222 1611 2361 1666 Tum
2390 1612 2529 1667 nihil
2560 1628 2690 1669 vero
2730 1628 2891 1669 coma
2949 1614 3166 1685 turpius
3222 1611 3451 1669 videba-

1861 1715 1984 1771 tur;
2014 1719 2180 1776 quam
2210 1712 2269 1759 ut
2303 1705 2540 1761 habebat
2574 1706 2831 1778 quisque,
2864 1708 2939 1763 ita
2971 1711 3185 1778 primus
3214 1723 3318 1764 nos
3338 1722 3449 1762 ma-

1860 1797 2007 1852 xime
2047 1797 2365 1868 proditurus
2417 1801 2864 1859 existimabatur.
2910 1801 3111 1858 Verum
3153 1804 3344 1859 nescio
3377 1818 3447 1859 an

1862 1893 2007 1947 idem
2048 1907 2269 1963 quoque
2296 1892 2547 1950 hostibus
2578 1894 2633 1949 in
2664 1896 2853 1951 animo
2899 1906 3054 1953 erat:
3092 1911 3216 1951 nam
3254 1900 3311 1951 et
3359 1896 3447 1951 in»

1861 1968 2517 2054 s'trueti‘opperiebantur
2562 2001 2689 2052 nos,
2716 1986 2866 2043 velut
2905 1987 3186 2058 repulsuri
3238 1986 3284 2043 si
3350 2000 3449 2041 eos

1858 2074 2307 2145 aggrederemur.
2349 2074 2719 2148 Posteaquam
2781 2095 2909 2135 vero
2959 2088 3156 2135 neutra
3194 2096 3262 2135 ex
3294 2088 3451 2151 parte

1862 2172 2131 2221 tentatum
2158 2166 2404 2236 praelium
2437 2175 2543 2235 est,
2572 2170 2811 2239 primum
2839 2170 2918 2225 illi
2948 2171 3016 2226 ad
3051 2172 3240 2225 laevam
3265 2213 3281 2238 ,
3322 2172 3457 2227 inde

1858 2271 1962 2311 nos
1993 2259 2221 2313 alteram
2262 2258 2330 2313 ad
2367 2269 2579 2330 partem
2613 2261 2787 2317 aciem
2814 2265 3223 2332 convertimus;
3266 2265 3449 2319 neutri

1858 2348 2165 2404 accelerate
2192 2351 2364 2421 gradu
2391 2390 2406 2416 ,
2439 2352 2537 2407 sed
2578 2352 2811 2408 lentiore
2839 2368 3163 2426 pmgrcssu,
3223 2369 3295 2410 ne
3356 2368 3449 2409 re-

1860 2448 2052 2510 ceptus
2082 2440 2187 2498 iste
2219 2441 2347 2514 fuga
2384 2444 2686 2500 videretur.
2717 2444 2917 2501 Postea
2955 2455 3164 2511 tamen,
3192 2447 3448 2518 quamvis

1865 2532 1920 2586 in
1956 2532 2107 2588 hisce
2154 2533 2320 2590 rebus
2355 2550 2725 2601 versaremur,
2759 2537 3026 2601 sciscitati
3081 2553 3273 2594 sumus
3335 2539 3454 2594 ubi.

1864 2638 1990 2678 nam
2031 2632 2308 2681 terrarum
2354 2639 2507 2684 esset
2565 2626 2828 2686 Joannes.
2860 2629 2932 2684 At
2986 2630 3075 2685 ille
3117 2646 3227 2685 uno
3253 2630 3451 2701 spiritu

1861 2713 2171 2773 Bombaaam
2206 2735 2381 2790 usque
2411 2722 2760 2791 perveniens,
2795 2723 3028 2793 agrestis
3052 2724 3229 2779 muris
3250 2723 3448 2788 instar,

1860 2818 1983 2863 sese
2008 2808 2062 2861 in
2093 2824 2284 2880 rupem
2315 2812 2626 2868 abdiderat.
2666 2812 2764 2869 Est
2794 2814 3049 2871 Bombaea
3101 2830 3264 2872 mons
3322 2830 3454 2872 corr

1861 2915 2055 2965 cavus,
2082 2918 2245 2975 quem
2276 2918 2370 2960 ars
2402 2914 2457 2959 et
2482 2913 2682 2961 natura
2737 2907 3155 2962 consentientes
3190 2906 3453 2963 munitis-

1858 2991 2059 3046 simum
2091 2994 2378 3050 castellum
2417 2996 2800 3052 reddiderunt.
2837 2995 2951 3052 lloc
3004 2997 3117 3065 jam
3160 2997 3292 3051 olim
3336 3010 3455 3052 me-

170 3100 285 3158 rito
320 3094 743 3153 celeberrimum
786 3100 941 3159 erat;
993 3090 1356 3161 nonnullique
1401 3102 1527 3143 cum
1558 3084 1832 3158 [Egyptiis
1871 3088 2144 3145 cuniculis
2184 3092 2603 3161 comparabant.
2656 3090 2764 3147 Sed
2804 3108 2952 3147 nunc
2984 3108 3174 3149 muros
3230 3107 3449 3160 omnes,

170 3211 241 3251 ac
279 3193 690 3265 propugnacula
728 3190 973 3246 omnium
1014 3186 1224 3258 judicio
1272 3191 1533 3256 superat,
1582 3182 2029 3254 quandoquidem
2085 3183 2176 3240 ille
2222 3201 2337 3256 pra:
2387 3190 2601 3243 caeteris
2648 3189 2735 3245 sui
2779 3189 3329 3260 providentissimus,
3379 3205 3453 3245 ne

172 3290 405 3346 nimium
457 3288 638 3356 inepte
676 3285 906 3342 dixerim
958 3281 1538 3343 formidolosissimus,
1604 3293 1725 3349 qua:
1768 3279 1991 3349 propria
2042 3284 2117 3335 rei
2146 3283 2437 3353 appellatio
2481 3294 2599 3350 est,
2664 3284 2719 3339 in
2768 3300 2838 3339 eo
2886 3286 3196 3351 delitescit,
3238 3293 3294 3345 et
3343 3285 3451 3341 hoc

172 3384 245 3439 ad
291 3382 522 3436 salutem
558 3394 714 3433 suam
770 3375 985 3433 caneris
1036 3374 1296 3445 praetulit.
1339 3371 1434 3428 Est
1472 3371 1620 3425 enim
1677 3368 2008 3439 ingredienti
2068 3373 2256 3430 statim
2313 3374 2370 3430 in
2428 3374 2605 3433 ﬂexus
2666 3383 2720 3431 et
2778 3377 3039 3449 ambages
3076 3376 3353 3445 sinuatus,
3391 3384 3451 3435 et

173 3477 453 3551 explicatu
478 3473 736 3535 diﬁicilis,
781 3481 845 3527 ut
874 3470 1048 3526 solam
1074 3467 1315 3524 Joannis
1344 3465 1529 3538 fugam
1561 3478 1761 3535 capere
1799 3464 1993 3533 possit.

714 3565 1058 3622 ΕΠΙΣΤΟΛΗ
1096 3565 1218 3620 PE'.

751 3659 834 3725 Τῷ
862 3656 1022 3723 αὑτῷ
1054 3655 1189 3728 (45).

259 3753 511 3823 ⁴Ἀνόητος
532 3751 599 3805 ἂν
620 3750 760 3821 εἴην,
786 3751 837 3807 εὶ
869 3752 949 3821 μὴ
972 3749 1172 3821 πολλὴν
1204 3748 1364 3825 χάριν
1403 3748 1602 3818 εἰδείην
1623 3748 1761 3803 Πτο-

171 3844 440 3916 λεμαίοις,
475 3844 557 3897 ὅτι
587 3860 654 3913 με
687 3841 957 3896 τοσούτων
983 3841 1246 3908 ἀξιοῦσιν,
1275 3842 1415 3895 ὅσων
1452 3840 1574 3894 ούδέ
1598 3839 1761 3903 αὐτὸς

170 3935 434 4007 ἐμαυτόν.
452 3933 592 3987 Ἀλλ’
612 3932 712 3989 οὐκ
731 3933 779 3985 εἰ
805 3931 1016 4003 μεγάλα
1037 3931 1375 4004 χαρίζονται,
1407 3930 1565 3985 τοῦτο
1588 3946 1760 4001 προσ-

174 4031 301 4101 ήκει
336 4029 562 4081 σκοπεῖν
588 4040 603 4056 ⁸
633 4025 747 4080 ἀλλ’
773 4026 823 4078 εί
865 4024 1051 4078 λαϐεῖν
1098 4023 1223 4095 ἐμοὶ⁵
1261 4022 1483 4081 δυνατά,
1534 4022 1608 4075 Τὸ
1650 4020 1758 4094 γὰρ

170 4121 463 4193 ἄνθρωπον
520 4120 670 4185 ὅντα,
734 4117 933 4189 μικροῦ
975 4116 1124 4179 θείας
1165 4114 1511 4184 καρποῦσθαι
1554 4113 1758 4185 τιμὰς,

174 4212 370 4283 δικαίῳ
404 4213 503 4284 μὲν
519 4211 633 4265 δντι
660 4210 972 4281 τυγχάνειν,
994 4209 1212 4279 ἥδιστον
1240 4208 1320 4271 είς
1342 4205 1641 4261 ἀπόλαυσιν
1663 4204 1756 4275 ἐρ-

170 4323 357 4379 χεται·
421 4302 727 4373 λειπομένῳ
773 4301 830 4357 δὲ
881 4300 1168 4372 παραπολὺ
1204 4300 1301 4369 τῆς
1346 4297 1525 4364 ἀξίας,
1564 4296 1760 4351 ἐλπίδα

174 4396 381 4468 πικρὰν
413 4394 686 4453 ὑποτείνει
737 4392 830 4446 τοῦ
873 4392 1176 4462 μέλλοντος.
1238 4389 1314 4443 Οὐ
1352 4388 1459 4460 γὰρ
1494 4386 1760 4459 νεώτερόν

174 4490 294 4547 ἐστι
322 4487 382 4540 τὸ
412 4485 551 4549 δέος,
584 4483 721 4538 ἀλλά
753 4484 849 4540 καὶ
884 4482 1003 4535 λίαν
1036 4481 1280 4553 ἀρχαῖον,
1307 4477 1390 4543 τὸ,
1418 4477 1504 4549 μή
1539 4494 1593 4531 τι
1622 4477 1757 4545 περὶ

170 4578 330 4633 Θεὸν
352 4575 706 4645 ἀμπλακὼν,
743 4575 918 4644 τιμὰν
953 4573 1105 4641 πρὸς
1134 4570 1462 4641 ἀνθρώπων
1504 4569 1756 4638 ἐφεύρω.

186 4667 333 4737 Ἐγὼ
367 4668 426 4723 δὲ
475 4665 908 4736 καταμανθάνων
959 4663 1212 4735 ἐμαυτὸν,
1265 4661 1504 4733 εὑρίσκω
1548 4659 1756 4716 παντά-

171 4776 344 4823 πασιν
374 4758 737 4829 ἐνδεέστερον.
776 4756 909 4827 ἢὼς
956 4756 1280 4829 ἁρμόσαιτῇ
1327 4755 1427 4825 τῆς
1458 4753 1756 4825 ἱερωσύνης

168 4851 488 4923 σεμνότητι.
526 4852 638 4908 Καὶ
692 4850 829 4921 δῆτα
870 4849 1184 4919 διαλέξομαι
1228 4848 1366 4919 πρὸς
1395 4847 1454 4904 σὲ
1492 4846 1756 4918 περὶτῶν

168 4919 277 5014 ﬁt;
330 4919 575 5013 ἱμαυτοῦ
618 4919 798 5013 ψυχῆς
835 4939 1168 5011 κινημάτων.
1205 4940 1280 4992 Οὐ
1328 4938 1437 5010 γὰρ
1484 4938 1592 5009 ἔχω
1619 4937 1756 5010 πρὸς
1787 4919 1829 4973 D

169 5035 355 5088 ὅντινα
385 5034 545 5089 ἄλλον
577 5033 698 5087 ἀντὶ
716 5032 812 5102 τῆς
844 5031 944 5103 σῆς
976 5031 1155 5102 φίλης,
1190 5031 1285 5085 καὶ⁵
1331 5032 1627 5103 συντρόφου
1663 5048 1754 5101 μοι

170 5127 437 5197 κεφαλῆς.
476 5127 543 5181 Σὲ
569 5124 679 5197 γὰρ
733 5123 882 5187 εἰκὸς
940 5123 1034 5176 καὶ
1076 5121 1327 5194 μετέχειν
1356 5140 1447 5193 μοι
1486 5122 1597 5176 τῶν
1619 5123 1755 5179 τσων

170 5219 493 5291 φροντίδων.
514 5217 612 5274 καὶ
646 5217 863 5285 νύκτωρ
890 5216 1208 5287 ἀγρυπνεῖν,
1254 5213 1348 5267 καὶ
1389 5213 1506 5285 μεθ’
1538 5214 1755 5286 ἡμέραν

170 5311 422 5374 σκοπεῖν,
456 5310 606 5372 ὅπως
635 5306 705 5363 ἂν
751 5305 952 5375 ἀγαθόν
985 5305 1037 5360 τί
1086 5322 1179 5376 μοι
1211 5303 1459 5375 γένηται,
1489 5306 1584 5359 καὶ
1606 5305 1755 5368 ὅπως

2394 3564 2504 3620 El’l
2521 3564 2747 3621 STOLA
2780 3564 2890 3623 CV.

2554 3658 2766 3715 Eidem.

1933 3746 2158 3821 lncptus
2188 3748 2441 3821 profecto
2471 3752 2670 3816 l‘orem,
2700 3750 2748 3806 si
2777 3767 2884 3806 non
2917 3750 3228 3810 Ptolemzeis
3252 3768 3446 3827 ingen-

1861 3849 1943 3914 tes
1971 3843 2174 3911 gratias
2194 3842 2477 3906 haberem,
2500 3842 2660 3919 247
2686 3842 2833 3913 quod
2864 3860 2951 3899 me
2980 3845 3151 3901 tantis
3174 3845 3339 3903 rebus
3360 3846 3447 3901 di—

1860 3940 2123 3999 gnantur,
2158 3933 2382 4003 quantis
2406 3946 2476 3987 ne
2499 3948 2601 4005 ego
2616 3933 2840 4003 quidem
2872 3950 2960 3992 me
2979 3936 3204 4006 dignum
3229 3936 3443 4006 judico.

1862 4019 2066 4077 Verum
2103 4038 2213 4078 non
2251 4023 2399 4080 istud
2427 4023 2674 4091 demum,
2705 4039 2873 4095 quam
2910 4040 3109 4097 magna
3169 4026 3444 4095 deferant,

1860 4124 2111 4186 Spectare
2144 4117 2439 4185 convenit;
2472 4118 2567 4173 sed
2598 4133 2765 4190 quam
2798 4119 2912 4174 sint
2951 4118 3245 4191 ejusmodi,
3293 4134 3324 4175 a
3358 4136 3448 4175 me

1862 4218 1924 4262 ut
1964 4209 2139 4280 accipi
2177 4211 2414 4281 possint.
2450 4209 2664 4265 Etenim
2692 4210 2969 4267 hominem
3001 4226 3174 4282 prope
3226 4210 3448 4267 divinos

1860 4299 2098 4357 honores
2120 4317 2339 4372 capere,
2367 4302 2414 4359 si
2440 4302 2665 4373 quidem
2699 4301 2899 4374 dignus
2937 4303 3012 4359 sit
3056 4304 3152 4374 qui
3180 4319 3446 4375 assequao

1859 4400 1970 4457 tur,
2009 4395 2078 4448 ad
2133 4396 2300 4450 animi
2338 4396 2578 4451 fructum
2636 4397 2839 4452 accidit
2893 4399 3320 4466 suavissimum;
3356 4400 3445 4459 sin

1863 4486 2096 4541 multum
2131 4488 2211 4542 rei
2242 4488 2507 4558 dignitate
2545 4488 2620 4543 sit
2646 4488 2897 4553 inferior,
2929 4490 2984 4546 id
3051 4492 3310 4551 acerbam
3363 4492 3445 4548 illi

1858 4576 2028 4631 futuri
2059 4592 2209 4649 spem
2225 4579 2435 4648 objicit.
2470 4578 2657 4650 Neque
2682 4582 2828 4638 enim
2856 4597 3046 4640 recens
3070 4583 3163 4639 ille
3180 4584 3312 4639 mihi
3333 4599 3448 4639 me-

1859 4675 1950 4722 tus
1989 4676 2095 4731 est,
2130 4668 2225 4723 sed
2244 4684 2367 4722 cum
2390 4668 2582 4738 primis
2604 4670 2888 4740 antiquus,
2916 4686 2981 4724 ne
2999 4685 3106 4739 qua
3128 4686 3184 4725 re
3197 4671 3251 4725 in
3273 4670 3446 4727 Deum

1858 4775 2104 4829 peccans,
2137 4760 2387 4814 honorem
2419 4760 2486 4813 ab
2510 4759 2812 4817 hominibus
2836 4778 3152 4832 ranaequar.
3179 4762 3291 4833 Ego
3313 4777 3445 4818 vero

1858 4864 1982 4904 eum
2028 4865 2116 4905 me
2140 4850 2321 4921 ipsum
2355 4852 2673 4919 considero,
2708 4853 2935 4909 omnino
2973 4854 3288 4911 inferiorem
3316 4870 3447 4911 sen-

1860 4940 1958 5004 tio,
1987 4955 2151 5011 quam
2169 4949 2228 4996 ut
2264 4941 2564 5013 episcopali
2600 4942 2821 5015 fastigio
2855 4945 3189 5017 respondere
3211 4948 3443 5018 possim.

1859 5033 1941 5087 Ac
1980 5033 2112 5088 libet
2153 5034 2316 5088 modo
2350 5035 2455 5090 mei
2486 5035 2585 5090 tibi
2611 5036 2780 5091 animi
2811 5046 3303 5110 motusexponere.
3319 5038 3446 5098 Non

1860 5127 2006 5181 enim
2044 5126 2188 5196 apud
2223 5125 2393 5182 alium
2445 5142 2609 5197 quam
2642 5128 3040 5186 amicissimum
3068 5140 3245 5197 tuum,
3301 5147 3446 5189 una-

1862 5232 1969 5285 que
2009 5230 2223 5270 mecum
2259 5216 2551 5270 educatum
2586 5224 2775 5286 caput,
2805 5219 3148 5277 commodius
3176 5221 3282 5276 hoc
3318 5237 3447 5292 pos-

1867 5323 1987 5362 sum
2028 5306 2223 5362 facere.
2251 5306 2386 5361 Nam
2415 5315 2467 5364 te
2507 5314 2592 5364 est
2618 5324 2833 5380 aequum
2890 5318 2946 5367 ct
2978 5312 3292 5368 earumdem
3333 5327 3446 5366 me-

1346 5457 1528 5516 DION.
1561 5457 1834 5516 PETAVII
1874 5460 2107 5519 NOTAE.

241 5618 355 5689 (ιι)
397 5615 705 5689 Παρὰ-τᾲς
726 5615 782 5689 ,Α
794 5615 1065 5689 ιγυιζίας
1112 5613 1402 5689 ἐξήταζον
1445 5616 1752 5684 σύριγγας.

169 5685 366 5746 Deliis
396 5685 520 5742 vide
550 5685 929 5749 Heliodorum,
962 5687 999 5738 Ι.
1032 5702 1047 5739 ι
1080 5686 1322 5756 ίΕιΙιὶορ.

242 5758 362 5831 (45)
401 5757 642 5827 Scripsit
678 5757 822 5810 hanc
858 5756 1167 5823 epistolam,
1189 5754 1314 5812 cum
1341 5770 1373 5813 a
1402 5754 1760 5813 Ptolemzeen-

498 5854 778 5914 PATBOL.
820 5851 937 5914 Gn.
970 5852 1073 5914 LX
1085 5851 1184 5915 Π.

1865 5618 2019 5696 sibus
2044 5618 2536 5696 _:_ttl__episcopalttl_n
2571 5629 2873 5695 peteretur;
2905 5622 3066 5696 cujus
3091 5623 3353 5696 pleraque
3387 5624 3443 5682 in

1866 5688 2077 5759 Synesii
2126 5687 2244 5745 Vita
2278 5687 2663 5748 disicussitnus.
2750 5756 2755 5762 ,

3084 5849 3165 5917 47
