  <div class='ocr_page' id='page_1' title='image "/cluster/home/n/w/nwhite01/storage/ocr_20150623/66/nnc1.0021886636/803.png"; bbox 0 0 1919 3118; ppageno 0'>
   <div class='ocr_carea' id='block_1_1' title="bbox 216 132 283 161">
    <p class='ocr_par' dir='ltr' id='par_1_1' title="bbox 216 132 283 161">
     <span class='ocr_line' id='line_1_1' title="bbox 216 132 283 161; baseline 0 0"><span class='ocrx_word' id='word_1_1' title='bbox 216 132 283 161; x_wconf 69' lang='lat' dir='ltr'><strong>N85</strong></span> 
     </span>
    </p>
   </div>
   <div class='ocr_carea' id='block_1_2' title="bbox 752 128 1313 160">
    <p class='ocr_par' dir='ltr' id='par_1_2' title="bbox 752 128 1313 160">
     <span class='ocr_line' id='line_1_2' title="bbox 752 128 1313 160; baseline 0 -2"><span class='ocrx_word' id='word_1_2' title='bbox 752 128 885 158; x_wconf 80' lang='lat' dir='ltr'><strong>SYNESII</strong></span> <span class='ocrx_word' id='word_1_3' title='bbox 903 129 1134 160; x_wconf 77' lang='lat' dir='ltr'><strong>PTOLEMAIDIS</strong></span> <span class='ocrx_word' id='word_1_4' title='bbox 1154 130 1313 159; x_wconf 77' lang='lat' dir='ltr'><strong>EPISCOPI</strong></span> 
     </span>
    </p>
   </div>
   <div class='ocr_carea' id='block_1_3' title="bbox 1778 132 1846 160">
    <p class='ocr_par' dir='ltr' id='par_1_3' title="bbox 1778 132 1846 160">
     <span class='ocr_line' id='line_1_3' title="bbox 1778 132 1846 160; baseline 0 0"><span class='ocrx_word' id='word_1_5' title='bbox 1778 132 1846 160; x_wconf 76' lang='grc' dir='ltr'>ιιει</span> 
     </span>
    </p>
   </div>
   <div class='ocr_carea' id='block_1_4' title="bbox 214 187 1004 228">
    <p class='ocr_par' dir='ltr' id='par_1_4' title="bbox 214 187 1002 224">
     <span class='ocr_line' id='line_1_4' title="bbox 214 187 1002 224; baseline -0.004 -5"><span class='ocrx_word' id='word_1_6' title='bbox 214 198 278 219; x_wconf 80' lang='lat' dir='ltr'><strong>cum</strong></span> <span class='ocrx_word' id='word_1_7' title='bbox 294 197 425 219; x_wconf 83' lang='lat' dir='ltr'><strong>curarum</strong></span> <span class='ocrx_word' id='word_1_8' title='bbox 438 187 599 224; x_wconf 69' lang='lat' dir='ltr'><strong>participem</strong></span> <span class='ocrx_word' id='word_1_9' title='bbox 615 195 691 221; x_wconf 76' lang='lat' dir='ltr'><strong>esse,</strong></span> <span class='ocrx_word' id='word_1_10' title='bbox 704 192 732 216; x_wconf 87' lang='lat' dir='ltr'><strong>et</strong></span> <span class='ocrx_word' id='word_1_11' title='bbox 745 195 809 216; x_wconf 92' lang='lat' dir='ltr'><strong>cum</strong></span> <span class='ocrx_word' id='word_1_12' title='bbox 826 192 912 216; x_wconf 87' lang='lat' dir='ltr'><strong>noctu</strong></span> <span class='ocrx_word' id='word_1_13' title='bbox 932 188 1002 224; x_wconf 79' lang='lat' dir='ltr'><strong>vigi-</strong></span> 
     </span>
    </p>
   </div>
   <div class='ocr_carea' id='block_1_5' title="bbox 1057 187 1854 228">
    <p class='ocr_par' dir='ltr' id='par_1_5' title="bbox 1057 189 1854 228">
     <span class='ocr_line' id='line_1_5' title="bbox 1057 189 1854 228; baseline 0.004 -11"><span class='ocrx_word' id='word_1_14' title='bbox 1057 189 1086 217; x_wconf 67' lang='grc' dir='ltr'>ὶν</span> <span class='ocrx_word' id='word_1_15' title='bbox 1104 190 1190 217; x_wconf 79' lang='grc' dir='ltr'>κακόν</span> <span class='ocrx_word' id='word_1_16' title='bbox 1204 199 1231 217; x_wconf 89' lang='grc' dir='ltr'><strong>τι</strong></span> <span class='ocrx_word' id='word_1_17' title='bbox 1248 189 1421 227; x_wconf 87' lang='grc' dir='ltr'>διαφύγοιμι.</span> <span class='ocrx_word' id='word_1_18' title='bbox 1433 192 1534 219; x_wconf 68' lang='grc' dir='ltr'>Ἄκουε</span> <span class='ocrx_word' id='word_1_19' title='bbox 1543 192 1631 220; x_wconf 77' lang='grc' dir='ltr'>τοίνυν</span> <span class='ocrx_word' id='word_1_20' title='bbox 1641 192 1679 225; x_wconf 83' lang='grc' dir='ltr'><strong>ὡς</strong></span> <span class='ocrx_word' id='word_1_21' title='bbox 1689 191 1749 228; x_wconf 77' lang='grc' dir='ltr'>ἔχει</span> <span class='ocrx_word' id='word_1_22' title='bbox 1761 193 1854 228; x_wconf 71' lang='grc' dir='ltr'>τάμά..</span> 
     </span>
    </p>
   </div>
   <div class='ocr_carea' id='block_1_6' title="bbox 217 234 1006 271">
    <p class='ocr_par' dir='ltr' id='par_1_6' title="bbox 217 234 1006 271">
     <span class='ocr_line' id='line_1_6' title="bbox 217 234 1006 271; baseline -0.004 -6"><span class='ocrx_word' id='word_1_23' title='bbox 217 238 285 271; x_wconf 86' lang='lat' dir='ltr'><strong>lare,</strong></span> <span class='ocrx_word' id='word_1_24' title='bbox 303 241 362 265; x_wconf 89' lang='lat' dir='ltr'><strong>tum</strong></span> <span class='ocrx_word' id='word_1_25' title='bbox 384 235 514 267; x_wconf 20' lang='lat' dir='ltr'><strong>interdiu,</strong></span> <span class='ocrx_word' id='word_1_26' title='bbox 530 235 666 271; x_wconf 81' lang='lat' dir='ltr'><strong>cogitare,</strong></span> <span class='ocrx_word' id='word_1_27' title='bbox 697 234 933 270; x_wconf 80' lang='lat' dir='ltr'><strong>quemadmodum</strong></span> <span class='ocrx_word' id='word_1_28' title='bbox 957 239 1006 262; x_wconf 82' lang='lat' dir='ltr'><strong>aut</strong></span> 
     </span>
    </p>
   </div>
   <div class='ocr_carea' id='block_1_7' title="bbox 216 281 1015 317">
    <p class='ocr_par' dir='ltr' id='par_1_7' title="bbox 216 281 1015 317">
     <span class='ocr_line' id='line_1_7' title="bbox 216 281 1015 317; baseline -0.005 -6"><span class='ocrx_word' id='word_1_29' title='bbox 216 283 283 311; x_wconf 88' lang='lat' dir='ltr'><strong>boni</strong></span> <span class='ocrx_word' id='word_1_30' title='bbox 307 282 375 310; x_wconf 85' lang='lat' dir='ltr'><strong>mihi</strong></span> <span class='ocrx_word' id='word_1_31' title='bbox 405 281 549 317; x_wconf 80' lang='lat' dir='ltr'><strong>contingat</strong></span> <span class='ocrx_word' id='word_1_32' title='bbox 576 281 692 316; x_wconf 84' lang='lat' dir='ltr'><strong>aliquid,</strong></span> <span class='ocrx_word' id='word_1_33' title='bbox 719 285 768 308; x_wconf 89' lang='lat' dir='ltr'><strong>aut</strong></span> <span class='ocrx_word' id='word_1_34' title='bbox 785 281 848 308; x_wconf 87' lang='lat' dir='ltr'><strong>ntali</strong></span> <span class='ocrx_word' id='word_1_35' title='bbox 863 281 1015 316; x_wconf 48' lang='lat' dir='ltr'><strong>quidpiam.</strong></span> 
     </span>
    </p>
   </div>
   <div class='ocr_carea' id='block_1_8' title="bbox 215 325 1005 362">
    <p class='ocr_par' dir='ltr' id='par_1_8' title="bbox 215 325 1005 362">
     <span class='ocr_line' id='line_1_8' title="bbox 215 325 1005 362; baseline -0.004 -7"><span class='ocrx_word' id='word_1_36' title='bbox 215 328 320 355; x_wconf 85' lang='lat' dir='ltr'><strong>evitare</strong></span> <span class='ocrx_word' id='word_1_37' title='bbox 336 326 450 362; x_wconf 83' lang='lat' dir='ltr'><strong>possim.</strong></span> <span class='ocrx_word' id='word_1_38' title='bbox 466 326 537 354; x_wconf 84' lang='lat' dir='ltr'><strong>Audi</strong></span> <span class='ocrx_word' id='word_1_39' title='bbox 553 325 637 362; x_wconf 82' lang='lat' dir='ltr'><strong>igitur</strong></span> <span class='ocrx_word' id='word_1_40' title='bbox 647 325 694 360; x_wconf 88' lang='lat' dir='ltr'><strong>qui</strong></span> <span class='ocrx_word' id='word_1_41' title='bbox 710 325 746 353; x_wconf 88' lang='lat' dir='ltr'><strong>sit</strong></span> <span class='ocrx_word' id='word_1_42' title='bbox 762 332 884 352; x_wconf 87' lang='lat' dir='ltr'><strong>mearum</strong></span> <span class='ocrx_word' id='word_1_43' title='bbox 911 332 1005 353; x_wconf 84' lang='lat' dir='ltr'><strong>rerum</strong></span> 
     </span>
    </p>
   </div>
   <div class='ocr_carea' id='block_1_9' title="bbox 215 370 1003 407">
    <p class='ocr_par' dir='ltr' id='par_1_9' title="bbox 215 370 1003 407">
     <span class='ocr_line' id='line_1_9' title="bbox 215 370 1003 407; baseline -0.005 -7"><span class='ocrx_word' id='word_1_44' title='bbox 215 377 316 405; x_wconf 74' lang='lat' dir='ltr'><strong>status,</strong></span> <span class='ocrx_word' id='word_1_45' title='bbox 337 378 454 407; x_wconf 79' lang='lat' dir='ltr'><strong>quarum</strong></span> <span class='ocrx_word' id='word_1_46' title='bbox 475 370 606 406; x_wconf 83' lang='lat' dir='ltr'><strong>pleraque</strong></span> <span class='ocrx_word' id='word_1_47' title='bbox 619 370 675 405; x_wconf 80' lang='lat' dir='ltr'><strong>jam</strong></span> <span class='ocrx_word' id='word_1_48' title='bbox 694 373 722 398; x_wconf 85' lang='lat' dir='ltr'><strong>te</strong></span> <span class='ocrx_word' id='word_1_49' title='bbox 753 370 873 397; x_wconf 79' lang='lat' dir='ltr'><strong>arbitror</strong></span> <span class='ocrx_word' id='word_1_50' title='bbox 897 377 1003 405; x_wconf 84' lang='lat' dir='ltr'><strong>cogno-</strong></span> 
     </span>
    </p>
   </div>
   <div class='ocr_carea' id='block_1_10' title="bbox 215 415 1005 452">
    <p class='ocr_par' dir='ltr' id='par_1_10' title="bbox 215 415 1005 452">
     <span class='ocr_line' id='line_1_10' title="bbox 215 415 1005 452; baseline -0.006 -6"><span class='ocrx_word' id='word_1_51' title='bbox 215 426 304 446; x_wconf 82' lang='lat' dir='ltr'><strong>scere.</strong></span> <span class='ocrx_word' id='word_1_52' title='bbox 317 417 386 445; x_wconf 87' lang='lat' dir='ltr'><strong>Cum</strong></span> <span class='ocrx_word' id='word_1_53' title='bbox 406 417 535 452; x_wconf 79' lang='lat' dir='ltr'><strong>exiguum</strong></span> <span class='ocrx_word' id='word_1_54' title='bbox 557 423 628 443; x_wconf 90' lang='lat' dir='ltr'><strong>onus</strong></span> <span class='ocrx_word' id='word_1_55' title='bbox 653 416 845 450; x_wconf 82' lang='lat' dir='ltr'><strong>suscepissent,</strong></span> <span class='ocrx_word' id='word_1_56' title='bbox 862 416 913 442; x_wconf 91' lang='lat' dir='ltr'><strong>hoc</strong></span> <span class='ocrx_word' id='word_1_57' title='bbox 938 415 1005 442; x_wconf 89' lang='lat' dir='ltr'><strong>mihi</strong></span> 
     </span>
    </p>
   </div>
   <div class='ocr_carea' id='block_1_11' title="bbox 215 460 1005 495">
    <p class='ocr_par' dir='ltr' id='par_1_11' title="bbox 215 460 1005 495">
     <span class='ocr_line' id='line_1_11' title="bbox 215 460 1005 495; baseline -0.005 -4"><span class='ocrx_word' id='word_1_58' title='bbox 215 464 349 491; x_wconf 75' lang='lat' dir='ltr'><strong>hactenus</strong></span> <span class='ocrx_word' id='word_1_59' title='bbox 361 462 503 491; x_wconf 81' lang='lat' dir='ltr'><strong>commode</strong></span> <span class='ocrx_word' id='word_1_60' title='bbox 518 461 681 489; x_wconf 82' lang='lat' dir='ltr'><strong>sustinuisse</strong></span> <span class='ocrx_word' id='word_1_61' title='bbox 694 461 797 492; x_wconf 82' lang='lat' dir='ltr'><strong>videor,</strong></span> <span class='ocrx_word' id='word_1_62' title='bbox 806 460 1005 495; x_wconf 79' lang='lat' dir='ltr'><strong>philosophiam</strong></span> 
     </span>
    </p>
   </div>
   <div class='ocr_carea' id='block_1_12' title="bbox 214 506 1005 543">
    <p class='ocr_par' dir='ltr' id='par_1_12' title="bbox 214 506 1005 543">
     <span class='ocr_line' id='line_1_12' title="bbox 214 506 1005 543; baseline -0.005 -6"><span class='ocrx_word' id='word_1_63' title='bbox 214 510 360 537; x_wconf 87' lang='lat' dir='ltr'><strong>nimirum.</strong></span> <span class='ocrx_word' id='word_1_64' title='bbox 378 509 430 536; x_wconf 82' lang='lat' dir='ltr'><strong>Pro</strong></span> <span class='ocrx_word' id='word_1_65' title='bbox 451 516 484 536; x_wconf 83' lang='lat' dir='ltr'><strong>eo</strong></span> <span class='ocrx_word' id='word_1_66' title='bbox 511 515 576 535; x_wconf 86' lang='lat' dir='ltr'><strong>vero</strong></span> <span class='ocrx_word' id='word_1_67' title='bbox 601 507 674 543; x_wconf 92' lang='lat' dir='ltr'><strong>quod</strong></span> <span class='ocrx_word' id='word_1_68' title='bbox 704 515 758 534; x_wconf 91' lang='lat' dir='ltr'><strong>non</strong></span> <span class='ocrx_word' id='word_1_69' title='bbox 791 507 900 542; x_wconf 83' lang='lat' dir='ltr'><strong>penitus</strong></span> <span class='ocrx_word' id='word_1_70' title='bbox 924 506 957 533; x_wconf 90' lang='lat' dir='ltr'><strong>ab</strong></span> <span class='ocrx_word' id='word_1_71' title='bbox 973 513 1005 534; x_wconf 89' lang='lat' dir='ltr'><strong>ea</strong></span> 
     </span>
    </p>
   </div>
   <div class='ocr_carea' id='block_1_13' title="bbox 217 553 1005 587">
    <p class='ocr_par' dir='ltr' id='par_1_13' title="bbox 217 553 1005 587">
     <span class='ocr_line' id='line_1_13' title="bbox 217 553 1005 587; baseline -0.004 -5"><span class='ocrx_word' id='word_1_72' title='bbox 217 556 349 583; x_wconf 79' lang='lat' dir='ltr'><strong>aberrare</strong></span> <span class='ocrx_word' id='word_1_73' title='bbox 366 554 471 585; x_wconf 79' lang='lat' dir='ltr'><strong>videor,</strong></span> <span class='ocrx_word' id='word_1_74' title='bbox 487 561 502 580; x_wconf 89' lang='lat' dir='ltr'><strong>a</strong></span> <span class='ocrx_word' id='word_1_75' title='bbox 519 553 659 581; x_wconf 84' lang='lat' dir='ltr'><strong>nonnullis</strong></span> <span class='ocrx_word' id='word_1_76' title='bbox 688 553 825 584; x_wconf 82' lang='lat' dir='ltr'><strong>laudatus,</strong></span> <span class='ocrx_word' id='word_1_77' title='bbox 855 553 1005 587; x_wconf 88' lang='lat' dir='ltr'><strong>majoribus</strong></span> 
     </span>
    </p>
   </div>
   <div class='ocr_carea' id='block_1_14' title="bbox 215 598 1005 636">
    <p class='ocr_par' dir='ltr' id='par_1_14' title="bbox 215 598 1005 636">
     <span class='ocr_line' id='line_1_14' title="bbox 215 598 1005 636; baseline -0.005 -8"><span class='ocrx_word' id='word_1_78' title='bbox 215 601 314 636; x_wconf 82' lang='lat' dir='ltr'><strong>dignus</strong></span> <span class='ocrx_word' id='word_1_79' title='bbox 333 600 369 627; x_wconf 90' lang='lat' dir='ltr'><strong>ab</strong></span> <span class='ocrx_word' id='word_1_80' title='bbox 382 599 416 627; x_wconf 82' lang='lat' dir='ltr'><strong>iis</strong></span> <span class='ocrx_word' id='word_1_81' title='bbox 425 599 579 631; x_wconf 79' lang='lat' dir='ltr'><strong>existimor,</strong></span> <span class='ocrx_word' id='word_1_82' title='bbox 596 598 737 633; x_wconf 88' lang='lat' dir='ltr'><strong>quianinti</strong></span> <span class='ocrx_word' id='word_1_83' title='bbox 753 598 911 625; x_wconf 80' lang='lat' dir='ltr'><strong>facultatth</strong></span> <span class='ocrx_word' id='word_1_84' title='bbox 926 598 1005 624; x_wconf 87' lang='lat' dir='ltr'><strong>habi-</strong></span> 
     </span>
    </p>
   </div>
   <div class='ocr_carea' id='block_1_15' title="bbox 215 643 1004 682">
    <p class='ocr_par' dir='ltr' id='par_1_15' title="bbox 215 643 1004 682">
     <span class='ocr_line' id='line_1_15' title="bbox 215 643 1004 682; baseline -0.006 -8"><span class='ocrx_word' id='word_1_85' title='bbox 215 648 377 682; x_wconf 84' lang='lat' dir='ltr'><strong>litatemque</strong></span> <span class='ocrx_word' id='word_1_86' title='bbox 388 646 547 673; x_wconf 89' lang='lat' dir='ltr'><strong>discernere</strong></span> <span class='ocrx_word' id='word_1_87' title='bbox 561 649 710 679; x_wconf 82' lang='lat' dir='ltr'><strong>nequeant.</strong></span> <span class='ocrx_word' id='word_1_88' title='bbox 726 643 829 671; x_wconf 77' lang='lat' dir='ltr'><strong>Vereor</strong></span> <span class='ocrx_word' id='word_1_89' title='bbox 844 648 935 671; x_wconf 87' lang='lat' dir='ltr'><strong>autem</strong></span> <span class='ocrx_word' id='word_1_90' title='bbox 957 650 1004 675; x_wconf 90' lang='lat' dir='ltr'><strong>ne,</strong></span> 
     </span>
    </p>
   </div>
   <div class='ocr_carea' id='block_1_16' title="bbox 215 688 1005 727">
    <p class='ocr_par' dir='ltr' id='par_1_16' title="bbox 215 688 1005 727">
     <span class='ocr_line' id='line_1_16' title="bbox 215 688 1005 727; baseline -0.006 -8"><span class='ocrx_word' id='word_1_91' title='bbox 215 692 389 727; x_wconf 76' lang='lat' dir='ltr'><strong>arrogantior</strong></span> <span class='ocrx_word' id='word_1_92' title='bbox 403 691 504 723; x_wconf 78' lang='lat' dir='ltr'><strong>factus,</strong></span> <span class='ocrx_word' id='word_1_93' title='bbox 519 694 547 718; x_wconf 89' lang='lat' dir='ltr'><strong>et</strong></span> <span class='ocrx_word' id='word_1_94' title='bbox 563 697 626 717; x_wconf 91' lang='lat' dir='ltr'><strong>eum</strong></span> <span class='ocrx_word' id='word_1_95' title='bbox 638 690 770 716; x_wconf 87' lang='lat' dir='ltr'><strong>honorem</strong></span> <span class='ocrx_word' id='word_1_96' title='bbox 787 688 946 721; x_wconf 81' lang='lat' dir='ltr'><strong>admittens,</strong></span> <span class='ocrx_word' id='word_1_97' title='bbox 970 688 1005 715; x_wconf 89' lang='lat' dir='ltr'><strong>ab</strong></span> 
     </span>
    </p>
   </div>
   <div class='ocr_carea' id='block_1_17' title="bbox 217 735 1006 773">
    <p class='ocr_par' dir='ltr' id='par_1_17' title="bbox 217 735 1006 773">
     <span class='ocr_line' id='line_1_17' title="bbox 217 735 1006 773; baseline -0.006 -8"><span class='ocrx_word' id='word_1_98' title='bbox 217 743 335 773; x_wconf 85' lang='lat' dir='ltr'><strong>utroque</strong></span> <span class='ocrx_word' id='word_1_99' title='bbox 361 737 505 770; x_wconf 78' lang='lat' dir='ltr'><strong>excidant;</strong></span> <span class='ocrx_word' id='word_1_100' title='bbox 521 744 584 764; x_wconf 89' lang='lat' dir='ltr'><strong>cunt</strong></span> <span class='ocrx_word' id='word_1_101' title='bbox 612 736 728 763; x_wconf 88' lang='lat' dir='ltr'><strong>alterunt</strong></span> <span class='ocrx_word' id='word_1_102' title='bbox 744 735 854 770; x_wconf 85' lang='lat' dir='ltr'><strong>quidem</strong></span> <span class='ocrx_word' id='word_1_103' title='bbox 882 739 1006 761; x_wconf 84' lang='lat' dir='ltr'><strong>contem-</strong></span> 
     </span>
    </p>
   </div>
   <div class='ocr_carea' id='block_1_18' title="bbox 214 780 1004 818">
    <p class='ocr_par' dir='ltr' id='par_1_18' title="bbox 214 780 1004 818">
     <span class='ocr_line' id='line_1_18' title="bbox 214 780 1004 818; baseline -0.004 -8"><span class='ocrx_word' id='word_1_104' title='bbox 214 791 305 818; x_wconf 83' lang='lat' dir='ltr'><strong>pscro,</strong></span> <span class='ocrx_word' id='word_1_105' title='bbox 321 782 435 810; x_wconf 84' lang='lat' dir='ltr'><strong>alterius</strong></span> <span class='ocrx_word' id='word_1_106' title='bbox 452 789 518 809; x_wconf 87' lang='lat' dir='ltr'><strong>vero</strong></span> <span class='ocrx_word' id='word_1_107' title='bbox 532 789 586 809; x_wconf 90' lang='lat' dir='ltr'><strong>non</strong></span> <span class='ocrx_word' id='word_1_108' title='bbox 600 780 678 808; x_wconf 81' lang='lat' dir='ltr'><strong>fuero</strong></span> <span class='ocrx_word' id='word_1_109' title='bbox 705 781 865 816; x_wconf 77' lang='lat' dir='ltr'><strong>dignitatem</strong></span> <span class='ocrx_word' id='word_1_110' title='bbox 890 787 1004 807; x_wconf 87' lang='lat' dir='ltr'><strong>assecu-</strong></span> 
     </span>
    </p>
   </div>
   <div class='ocr_carea' id='block_1_19' title="bbox 214 827 1004 861">
    <p class='ocr_par' dir='ltr' id='par_1_19' title="bbox 214 827 1004 861">
     <span class='ocr_line' id='line_1_19' title="bbox 214 827 1004 861; baseline -0.004 -5"><span class='ocrx_word' id='word_1_111' title='bbox 214 834 271 856; x_wconf 82' lang='lat' dir='ltr'><strong>tus.</strong></span> <span class='ocrx_word' id='word_1_112' title='bbox 289 828 334 856; x_wconf 84' lang='lat' dir='ltr'><strong>Sic</strong></span> <span class='ocrx_word' id='word_1_113' title='bbox 347 829 419 856; x_wconf 88' lang='lat' dir='ltr'><strong>enim</strong></span> <span class='ocrx_word' id='word_1_114' title='bbox 440 828 551 855; x_wconf 82' lang='lat' dir='ltr'><strong>habeto.</strong></span> <span class='ocrx_word' id='word_1_115' title='bbox 573 827 685 855; x_wconf 88' lang='lat' dir='ltr'><strong>Duobus</strong></span> <span class='ocrx_word' id='word_1_116' title='bbox 702 827 777 855; x_wconf 88' lang='lat' dir='ltr'><strong>hisce</strong></span> <span class='ocrx_word' id='word_1_117' title='bbox 800 832 908 861; x_wconf 83' lang='lat' dir='ltr'><strong>tempus</strong></span> <span class='ocrx_word' id='word_1_118' title='bbox 926 827 1004 854; x_wconf 86' lang='lat' dir='ltr'><strong>iden-</strong></span> 
     </span>
    </p>
   </div>
   <div class='ocr_carea' id='block_1_20' title="bbox 214 873 1004 909">
    <p class='ocr_par' dir='ltr' id='par_1_20' title="bbox 214 873 1004 909">
     <span class='ocr_line' id='line_1_20' title="bbox 214 873 1004 909; baseline -0.003 -8"><span class='ocrx_word' id='word_1_119' title='bbox 214 875 300 901; x_wconf 88' lang='lat' dir='ltr'><strong>tidem</strong></span> <span class='ocrx_word' id='word_1_120' title='bbox 314 874 466 909; x_wconf 76' lang='lat' dir='ltr'><strong>distinguo,</strong></span> <span class='ocrx_word' id='word_1_121' title='bbox 481 873 545 900; x_wconf 88' lang='lat' dir='ltr'><strong>ludo</strong></span> <span class='ocrx_word' id='word_1_122' title='bbox 560 877 640 907; x_wconf 89' lang='lat' dir='ltr'><strong>atque</strong></span> <span class='ocrx_word' id='word_1_123' title='bbox 653 873 762 900; x_wconf 83' lang='lat' dir='ltr'><strong>studiis.</strong></span> <span class='ocrx_word' id='word_1_124' title='bbox 776 874 814 899; x_wconf 76' lang='lat' dir='ltr'><strong>Ac</strong></span> <span class='ocrx_word' id='word_1_125' title='bbox 829 880 890 900; x_wconf 93' lang='lat' dir='ltr'><strong>cum</strong></span> <span class='ocrx_word' id='word_1_126' title='bbox 908 873 934 899; x_wconf 93' lang='lat' dir='ltr'><strong>in</strong></span> <span class='ocrx_word' id='word_1_127' title='bbox 947 876 1004 899; x_wconf 85' lang='lat' dir='ltr'><strong>stu-</strong></span> 
     </span>
    </p>
   </div>
   <div class='ocr_carea' id='block_1_21' title="bbox 214 917 1005 954">
    <p class='ocr_par' dir='ltr' id='par_1_21' title="bbox 214 917 1005 954">
     <span class='ocr_line' id='line_1_21' title="bbox 214 917 1005 954; baseline -0.001 -9"><span class='ocrx_word' id='word_1_128' title='bbox 214 919 269 946; x_wconf 87' lang='lat' dir='ltr'><strong>diis</strong></span> <span class='ocrx_word' id='word_1_129' title='bbox 283 927 414 954; x_wconf 88' lang='lat' dir='ltr'><strong>occttpor,</strong></span> <span class='ocrx_word' id='word_1_130' title='bbox 430 923 486 945; x_wconf 87' lang='lat' dir='ltr'><strong>ttttn</strong></span> <span class='ocrx_word' id='word_1_131' title='bbox 508 918 573 945; x_wconf 87' lang='lat' dir='ltr'><strong>mihi</strong></span> <span class='ocrx_word' id='word_1_132' title='bbox 590 918 636 945; x_wconf 89' lang='lat' dir='ltr'><strong>uni</strong></span> <span class='ocrx_word' id='word_1_133' title='bbox 653 918 761 945; x_wconf 85' lang='lat' dir='ltr'><strong>deditus</strong></span> <span class='ocrx_word' id='word_1_134' title='bbox 784 926 856 951; x_wconf 90' lang='lat' dir='ltr'><strong>sum,</strong></span> <span class='ocrx_word' id='word_1_135' title='bbox 882 919 910 944; x_wconf 93' lang='lat' dir='ltr'><strong>in</strong></span> <span class='ocrx_word' id='word_1_136' title='bbox 936 917 1005 944; x_wconf 88' lang='lat' dir='ltr'><strong>divi-</strong></span> 
     </span>
    </p>
   </div>
   <div class='ocr_carea' id='block_1_22' title="bbox 215 963 1005 999">
    <p class='ocr_par' dir='ltr' id='par_1_22' title="bbox 215 963 1005 999">
     <span class='ocr_line' id='line_1_22' title="bbox 215 963 1005 999; baseline -0.003 -8"><span class='ocrx_word' id='word_1_137' title='bbox 215 964 261 991; x_wconf 75' lang='lat' dir='ltr'><strong>nis</strong></span> <span class='ocrx_word' id='word_1_138' title='bbox 279 965 442 999; x_wconf 69' lang='lat' dir='ltr'><strong>praesertim.</strong></span> <span class='ocrx_word' id='word_1_139' title='bbox 457 963 485 990; x_wconf 87' lang='lat' dir='ltr'><strong>lu</strong></span> <span class='ocrx_word' id='word_1_140' title='bbox 503 964 621 991; x_wconf 85' lang='lat' dir='ltr'><strong>ludendo</strong></span> <span class='ocrx_word' id='word_1_141' title='bbox 633 971 699 991; x_wconf 83' lang='lat' dir='ltr'><strong>vero</strong></span> <span class='ocrx_word' id='word_1_142' title='bbox 726 964 844 991; x_wconf 83' lang='lat' dir='ltr'><strong>maxime</strong></span> <span class='ocrx_word' id='word_1_143' title='bbox 865 971 925 990; x_wconf 92' lang='lat' dir='ltr'><strong>sum</strong></span> <span class='ocrx_word' id='word_1_144' title='bbox 945 970 1005 989; x_wconf 92' lang='lat' dir='ltr'><strong>om-</strong></span> 
     </span>
    </p>
   </div>
   <div class='ocr_carea' id='block_1_23' title="bbox 214 1009 1007 1045">
    <p class='ocr_par' dir='ltr' id='par_1_23' title="bbox 214 1009 1007 1045">
     <span class='ocr_line' id='line_1_23' title="bbox 214 1009 1007 1045; baseline -0.001 -8"><span class='ocrx_word' id='word_1_145' title='bbox 214 1011 296 1040; x_wconf 86' lang='lat' dir='ltr'><strong>nibus</strong></span> <span class='ocrx_word' id='word_1_146' title='bbox 313 1011 465 1045; x_wconf 78' lang='lat' dir='ltr'><strong>expositus.</strong></span> <span class='ocrx_word' id='word_1_147' title='bbox 482 1009 544 1037; x_wconf 92' lang='lat' dir='ltr'><strong>Scis</strong></span> <span class='ocrx_word' id='word_1_148' title='bbox 557 1010 629 1037; x_wconf 89' lang='lat' dir='ltr'><strong>enim</strong></span> <span class='ocrx_word' id='word_1_149' title='bbox 645 1017 698 1040; x_wconf 87' lang='lat' dir='ltr'><strong>me,</strong></span> <span class='ocrx_word' id='word_1_150' title='bbox 713 1017 775 1036; x_wconf 89' lang='lat' dir='ltr'><strong>cum</strong></span> <span class='ocrx_word' id='word_1_151' title='bbox 790 1017 804 1035; x_wconf 74' lang='grc' dir='ltr'><strong>ιι</strong></span> <span class='ocrx_word' id='word_1_152' title='bbox 822 1010 898 1037; x_wconf 88' lang='lat' dir='ltr'><strong>libris</strong></span> <span class='ocrx_word' id='word_1_153' title='bbox 910 1009 1007 1036; x_wconf 85' lang='lat' dir='ltr'><strong>oculos</strong></span> 
     </span>
    </p>
   </div>
   <div class='ocr_carea' id='block_1_24' title="bbox 215 1056 1004 1090">
    <p class='ocr_par' dir='ltr' id='par_1_24' title="bbox 215 1056 1004 1090">
     <span class='ocr_line' id='line_1_24' title="bbox 215 1056 1004 1090; baseline -0.004 -7"><span class='ocrx_word' id='word_1_154' title='bbox 215 1057 339 1088; x_wconf 68' lang='lat' dir='ltr'><strong>avooavi,</strong></span> <span class='ocrx_word' id='word_1_155' title='bbox 357 1058 389 1083; x_wconf 87' lang='lat' dir='ltr'><strong>ad</strong></span> <span class='ocrx_word' id='word_1_156' title='bbox 405 1064 485 1084; x_wconf 88' lang='lat' dir='ltr'><strong>omne</strong></span> <span class='ocrx_word' id='word_1_157' title='bbox 502 1056 628 1083; x_wconf 88' lang='lat' dir='ltr'><strong>ludorum</strong></span> <span class='ocrx_word' id='word_1_158' title='bbox 643 1063 728 1090; x_wconf 76' lang='lat' dir='ltr'><strong>genus</strong></span> <span class='ocrx_word' id='word_1_159' title='bbox 740 1063 801 1082; x_wconf 87' lang='lat' dir='ltr'><strong>esse</strong></span> <span class='ocrx_word' id='word_1_160' title='bbox 826 1062 1004 1090; x_wconf 82' lang='lat' dir='ltr'><strong>propensum.</strong></span> 
     </span>
    </p>
   </div>
   <div class='ocr_carea' id='block_1_25' title="bbox 214 1100 1006 1137">
    <p class='ocr_par' dir='ltr' id='par_1_25' title="bbox 214 1100 1006 1137">
     <span class='ocr_line' id='line_1_25' title="bbox 214 1100 1006 1137; baseline -0.004 -8"><span class='ocrx_word' id='word_1_161' title='bbox 214 1101 309 1130; x_wconf 87' lang='lat' dir='ltr'><strong>Civilis</strong></span> <span class='ocrx_word' id='word_1_162' title='bbox 330 1110 412 1137; x_wconf 87' lang='lat' dir='ltr'><strong>porro</strong></span> <span class='ocrx_word' id='word_1_163' title='bbox 434 1109 508 1128; x_wconf 63' lang='lat' dir='ltr'><strong>curae</strong></span> <span class='ocrx_word' id='word_1_164' title='bbox 522 1108 555 1128; x_wconf 88' lang='lat' dir='ltr'><strong>ac</strong></span> <span class='ocrx_word' id='word_1_165' title='bbox 580 1100 775 1128; x_wconf 82' lang='lat' dir='ltr'><strong>sollicitudinis</strong></span> <span class='ocrx_word' id='word_1_166' title='bbox 798 1104 826 1127; x_wconf 82' lang='lat' dir='ltr'><strong>et</strong></span> <span class='ocrx_word' id='word_1_167' title='bbox 854 1105 953 1127; x_wconf 82' lang='lat' dir='ltr'><strong>natura</strong></span> <span class='ocrx_word' id='word_1_168' title='bbox 979 1104 1006 1127; x_wconf 85' lang='lat' dir='ltr'><strong>et</strong></span> 
     </span>
    </p>
   </div>
   <div class='ocr_carea' id='block_1_26' title="bbox 215 1146 1005 1183">
    <p class='ocr_par' dir='ltr' id='par_1_26' title="bbox 215 1146 1005 1183">
     <span class='ocr_line' id='line_1_26' title="bbox 215 1146 1005 1183; baseline -0.001 -9"><span class='ocrx_word' id='word_1_169' title='bbox 215 1147 306 1175; x_wconf 82' lang='lat' dir='ltr'><strong>studio</strong></span> <span class='ocrx_word' id='word_1_170' title='bbox 319 1155 379 1175; x_wconf 87' lang='lat' dir='ltr'><strong>sutn</strong></span> <span class='ocrx_word' id='word_1_171' title='bbox 397 1155 511 1183; x_wconf 87' lang='lat' dir='ltr'><strong>prorsus</strong></span> <span class='ocrx_word' id='word_1_172' title='bbox 525 1154 633 1182; x_wconf 78' lang='lat' dir='ltr'><strong>expers.</strong></span> <span class='ocrx_word' id='word_1_173' title='bbox 655 1147 689 1173; x_wconf 82' lang='lat' dir='ltr'><strong>At</strong></span> <span class='ocrx_word' id='word_1_174' title='bbox 704 1147 864 1181; x_wconf 86' lang='lat' dir='ltr'><strong>episcopum</strong></span> <span class='ocrx_word' id='word_1_175' title='bbox 882 1146 1005 1173; x_wconf 86' lang='lat' dir='ltr'><strong>divinum</strong></span> 
     </span>
    </p>
   </div>
   <div class='ocr_carea' id='block_1_27' title="bbox 214 1192 1006 1229">
    <p class='ocr_par' dir='ltr' id='par_1_27' title="bbox 214 1192 1006 1229">
     <span class='ocr_line' id='line_1_27' title="bbox 214 1192 1006 1229; baseline -0.004 -7"><span class='ocrx_word' id='word_1_176' title='bbox 214 1202 277 1223; x_wconf 81' lang='lat' dir='ltr'><strong>esse</strong></span> <span class='ocrx_word' id='word_1_177' title='bbox 295 1194 432 1221; x_wconf 78' lang='lat' dir='ltr'><strong>hominem</strong></span> <span class='ocrx_word' id='word_1_178' title='bbox 451 1197 578 1229; x_wconf 86' lang='lat' dir='ltr'><strong>oportet;</strong></span> <span class='ocrx_word' id='word_1_179' title='bbox 605 1197 699 1228; x_wconf 85' lang='lat' dir='ltr'><strong>utpote</strong></span> <span class='ocrx_word' id='word_1_180' title='bbox 714 1193 759 1228; x_wconf 87' lang='lat' dir='ltr'><strong>qui</strong></span> <span class='ocrx_word' id='word_1_181' title='bbox 788 1193 823 1220; x_wconf 86' lang='lat' dir='ltr'><strong>ab</strong></span> <span class='ocrx_word' id='word_1_182' title='bbox 839 1193 913 1219; x_wconf 88' lang='lat' dir='ltr'><strong>onmi</strong></span> <span class='ocrx_word' id='word_1_183' title='bbox 941 1192 1006 1219; x_wconf 91' lang='lat' dir='ltr'><strong>ludo</strong></span> 
     </span>
    </p>
   </div>
   <div class='ocr_carea' id='block_1_28' title="bbox 215 1238 1006 1275">
    <p class='ocr_par' dir='ltr' id='par_1_28' title="bbox 215 1238 1006 1275">
     <span class='ocr_line' id='line_1_28' title="bbox 215 1238 1006 1275; baseline -0.003 -8"><span class='ocrx_word' id='word_1_184' title='bbox 215 1248 343 1275; x_wconf 64' lang='lat' dir='ltr'><strong>peraeque</strong></span> <span class='ocrx_word' id='word_1_185' title='bbox 356 1247 388 1267; x_wconf 88' lang='lat' dir='ltr'><strong>ac</strong></span> <span class='ocrx_word' id='word_1_186' title='bbox 399 1239 470 1267; x_wconf 83' lang='lat' dir='ltr'><strong>Deus</strong></span> <span class='ocrx_word' id='word_1_187' title='bbox 486 1239 553 1274; x_wconf 92' lang='lat' dir='ltr'><strong>ipse,</strong></span> <span class='ocrx_word' id='word_1_188' title='bbox 572 1239 678 1266; x_wconf 89' lang='lat' dir='ltr'><strong>alienus</strong></span> <span class='ocrx_word' id='word_1_189' title='bbox 704 1243 731 1265; x_wconf 90' lang='lat' dir='ltr'><strong>et</strong></span> <span class='ocrx_word' id='word_1_190' title='bbox 745 1238 922 1266; x_wconf 77' lang='lat' dir='ltr'><strong>inexorabilis</strong></span> <span class='ocrx_word' id='word_1_191' title='bbox 945 1246 1006 1266; x_wconf 87' lang='lat' dir='ltr'><strong>esse</strong></span> 
     </span>
    </p>
   </div>
   <div class='ocr_carea' id='block_1_29' title="bbox 217 1284 1007 1320">
    <p class='ocr_par' dir='ltr' id='par_1_29' title="bbox 217 1284 1007 1320">
     <span class='ocr_line' id='line_1_29' title="bbox 217 1284 1007 1320; baseline 0 -8"><span class='ocrx_word' id='word_1_192' title='bbox 217 1285 331 1313; x_wconf 86' lang='lat' dir='ltr'><strong>debeat:</strong></span> <span class='ocrx_word' id='word_1_193' title='bbox 349 1285 395 1320; x_wconf 92' lang='lat' dir='ltr'><strong>qui</strong></span> <span class='ocrx_word' id='word_1_194' title='bbox 416 1292 470 1319; x_wconf 91' lang='lat' dir='ltr'><strong>quo</strong></span> <span class='ocrx_word' id='word_1_195' title='bbox 488 1285 550 1312; x_wconf 67' lang='lat' dir='ltr'><strong>vita:</strong></span> <span class='ocrx_word' id='word_1_196' title='bbox 565 1292 621 1311; x_wconf 71' lang='lat' dir='ltr'><strong>sua:</strong></span> <span class='ocrx_word' id='word_1_197' title='bbox 644 1284 813 1319; x_wconf 86' lang='lat' dir='ltr'><strong>propositum</strong></span> <span class='ocrx_word' id='word_1_198' title='bbox 840 1288 944 1317; x_wconf 84' lang='lat' dir='ltr'><strong>teneat,</strong></span> <span class='ocrx_word' id='word_1_199' title='bbox 972 1284 1007 1312; x_wconf 86' lang='lat' dir='ltr'><strong>ab</strong></span> 
     </span>
    </p>
   </div>
   <div class='ocr_carea' id='block_1_30' title="bbox 214 1329 1007 1363">
    <p class='ocr_par' dir='ltr' id='par_1_30' title="bbox 214 1329 1007 1363">
     <span class='ocr_line' id='line_1_30' title="bbox 214 1329 1007 1363; baseline -0.004 -5"><span class='ocrx_word' id='word_1_200' title='bbox 214 1330 462 1358; x_wconf 80' lang='lat' dir='ltr'><strong>innumerabilibus</strong></span> <span class='ocrx_word' id='word_1_201' title='bbox 470 1330 558 1357; x_wconf 92' lang='lat' dir='ltr'><strong>oculis</strong></span> <span class='ocrx_word' id='word_1_202' title='bbox 567 1329 733 1362; x_wconf 83' lang='lat' dir='ltr'><strong>custoditur;</strong></span> <span class='ocrx_word' id='word_1_203' title='bbox 741 1336 857 1363; x_wconf 88' lang='lat' dir='ltr'><strong>quorum</strong></span> <span class='ocrx_word' id='word_1_204' title='bbox 866 1334 912 1356; x_wconf 84' lang='lat' dir='ltr'><strong>aut</strong></span> <span class='ocrx_word' id='word_1_205' title='bbox 920 1329 1007 1362; x_wconf 88' lang='lat' dir='ltr'><strong>nulla,</strong></span> 
     </span>
    </p>
   </div>
   <div class='ocr_carea' id='block_1_31' title="bbox 215 1374 1006 1411">
    <p class='ocr_par' dir='ltr' id='par_1_31' title="bbox 215 1374 1006 1411">
     <span class='ocr_line' id='line_1_31' title="bbox 215 1374 1006 1411; baseline -0.003 -8"><span class='ocrx_word' id='word_1_206' title='bbox 215 1376 417 1411; x_wconf 77' lang='lat' dir='ltr'><strong>autperexigua</strong></span> <span class='ocrx_word' id='word_1_207' title='bbox 428 1375 532 1402; x_wconf 83' lang='lat' dir='ltr'><strong>utilitas</strong></span> <span class='ocrx_word' id='word_1_208' title='bbox 545 1374 657 1408; x_wconf 88' lang='lat' dir='ltr'><strong>est,nisi</strong></span> <span class='ocrx_word' id='word_1_209' title='bbox 671 1374 707 1401; x_wconf 91' lang='lat' dir='ltr'><strong>ila</strong></span> <span class='ocrx_word' id='word_1_210' title='bbox 718 1374 753 1401; x_wconf 87' lang='lat' dir='ltr'><strong>sit</strong></span> <span class='ocrx_word' id='word_1_211' title='bbox 760 1374 849 1402; x_wconf 84' lang='lat' dir='ltr'><strong>factus</strong></span> <span class='ocrx_word' id='word_1_212' title='bbox 859 1375 1006 1410; x_wconf 86' lang='lat' dir='ltr'><strong>quispiam,</strong></span> 
     </span>
    </p>
   </div>
   <div class='ocr_carea' id='block_1_32' title="bbox 215 1420 1004 1455">
    <p class='ocr_par' dir='ltr' id='par_1_32' title="bbox 215 1420 1004 1455">
     <span class='ocr_line' id='line_1_32' title="bbox 215 1420 1004 1455; baseline -0.003 -6"><span class='ocrx_word' id='word_1_213' title='bbox 215 1426 246 1449; x_wconf 90' lang='lat' dir='ltr'><strong>ut</strong></span> <span class='ocrx_word' id='word_1_214' title='bbox 263 1421 297 1449; x_wconf 83' lang='lat' dir='ltr'><strong>ad</strong></span> <span class='ocrx_word' id='word_1_215' title='bbox 310 1421 469 1448; x_wconf 74' lang='lat' dir='ltr'><strong>maestitiam</strong></span> <span class='ocrx_word' id='word_1_216' title='bbox 486 1421 522 1448; x_wconf 91' lang='lat' dir='ltr'><strong>sit</strong></span> <span class='ocrx_word' id='word_1_217' title='bbox 535 1420 716 1455; x_wconf 84' lang='lat' dir='ltr'><strong>compositus,</strong></span> <span class='ocrx_word' id='word_1_218' title='bbox 731 1424 757 1447; x_wconf 86' lang='lat' dir='ltr'><strong>et</strong></span> <span class='ocrx_word' id='word_1_219' title='bbox 772 1420 806 1446; x_wconf 77' lang='lat' dir='ltr'><strong>ad</strong></span> <span class='ocrx_word' id='word_1_220' title='bbox 821 1420 922 1447; x_wconf 85' lang='lat' dir='ltr'><strong>nullam</strong></span> <span class='ocrx_word' id='word_1_221' title='bbox 953 1427 1004 1447; x_wconf 89' lang='lat' dir='ltr'><strong>vo-</strong></span> 
     </span>
    </p>
   </div>
   <div class='ocr_carea' id='block_1_33' title="bbox 217 1465 1008 1503">
    <p class='ocr_par' dir='ltr' id='par_1_33' title="bbox 217 1465 1008 1503">
     <span class='ocr_line' id='line_1_33' title="bbox 217 1465 1008 1503; baseline -0.003 -8"><span class='ocrx_word' id='word_1_222' title='bbox 217 1468 350 1503; x_wconf 84' lang='lat' dir='ltr'><strong>luptatem</strong></span> <span class='ocrx_word' id='word_1_223' title='bbox 370 1466 481 1502; x_wconf 74' lang='lat' dir='ltr'><strong>infringi</strong></span> <span class='ocrx_word' id='word_1_224' title='bbox 512 1471 594 1501; x_wconf 86' lang='lat' dir='ltr'><strong>atque</strong></span> <span class='ocrx_word' id='word_1_225' title='bbox 606 1465 720 1493; x_wconf 88' lang='lat' dir='ltr'><strong>entolliri</strong></span> <span class='ocrx_word' id='word_1_226' title='bbox 736 1466 832 1500; x_wconf 88' lang='lat' dir='ltr'><strong>possit.</strong></span> <span class='ocrx_word' id='word_1_227' title='bbox 852 1465 881 1492; x_wconf 94' lang='lat' dir='ltr'><strong>In</strong></span> <span class='ocrx_word' id='word_1_228' title='bbox 900 1466 935 1494; x_wconf 92' lang='lat' dir='ltr'><strong>iis</strong></span> <span class='ocrx_word' id='word_1_229' title='bbox 959 1473 1008 1493; x_wconf 88' lang='lat' dir='ltr'><strong>au-</strong></span> 
     </span>
    </p>
   </div>
   <div class='ocr_carea' id='block_1_34' title="bbox 214 1511 1007 1548">
    <p class='ocr_par' dir='ltr' id='par_1_34' title="bbox 214 1511 1007 1548">
     <span class='ocr_line' id='line_1_34' title="bbox 214 1511 1007 1548; baseline -0.001 -8"><span class='ocrx_word' id='word_1_230' title='bbox 214 1517 269 1541; x_wconf 83' lang='lat' dir='ltr'><strong>tem</strong></span> <span class='ocrx_word' id='word_1_231' title='bbox 281 1520 341 1548; x_wconf 63' lang='lat' dir='ltr'><strong>quae</strong></span> <span class='ocrx_word' id='word_1_232' title='bbox 353 1512 387 1539; x_wconf 89' lang='lat' dir='ltr'><strong>ad</strong></span> <span class='ocrx_word' id='word_1_233' title='bbox 404 1511 487 1539; x_wconf 91' lang='lat' dir='ltr'><strong>Deum</strong></span> <span class='ocrx_word' id='word_1_234' title='bbox 502 1512 648 1547; x_wconf 85' lang='lat' dir='ltr'><strong>pertinent,</strong></span> <span class='ocrx_word' id='word_1_235' title='bbox 661 1520 714 1539; x_wconf 93' lang='lat' dir='ltr'><strong>non</strong></span> <span class='ocrx_word' id='word_1_236' title='bbox 728 1511 811 1547; x_wconf 62' lang='lat'><strong>248</strong></span> <span class='ocrx_word' id='word_1_237' title='bbox 833 1512 878 1539; x_wconf 89' lang='lat' dir='ltr'><strong>ille</strong></span> <span class='ocrx_word' id='word_1_238' title='bbox 892 1511 944 1539; x_wconf 87' lang='lat' dir='ltr'><strong>sibi</strong></span> <span class='ocrx_word' id='word_1_239' title='bbox 960 1511 1007 1539; x_wconf 92' lang='lat' dir='ltr'><strong>uni</strong></span> 
     </span>
    </p>
   </div>
   <div class='ocr_carea' id='block_1_35' title="bbox 216 1556 1004 1589">
    <p class='ocr_par' dir='ltr' id='par_1_35' title="bbox 216 1556 1004 1589">
     <span class='ocr_line' id='line_1_35' title="bbox 216 1556 1004 1589; baseline -0.001 -5"><span class='ocrx_word' id='word_1_240' title='bbox 216 1564 330 1589; x_wconf 84' lang='lat' dir='ltr'><strong>vacans,</strong></span> <span class='ocrx_word' id='word_1_241' title='bbox 347 1557 394 1584; x_wconf 87' lang='lat' dir='ltr'><strong>sed</strong></span> <span class='ocrx_word' id='word_1_242' title='bbox 415 1556 659 1584; x_wconf 85' lang='lat' dir='ltr'><strong>communissimtts</strong></span> <span class='ocrx_word' id='word_1_243' title='bbox 674 1557 796 1583; x_wconf 88' lang='lat' dir='ltr'><strong>omniuttt</strong></span> <span class='ocrx_word' id='word_1_244' title='bbox 813 1564 875 1584; x_wconf 86' lang='lat' dir='ltr'><strong>esse</strong></span> <span class='ocrx_word' id='word_1_245' title='bbox 897 1556 1004 1588; x_wconf 83' lang='lat' dir='ltr'><strong>debeat,</strong></span> 
     </span>
    </p>
   </div>
   <div class='ocr_carea' id='block_1_36' title="bbox 217 1601 1006 1637">
    <p class='ocr_par' dir='ltr' id='par_1_36' title="bbox 217 1601 1006 1637">
     <span class='ocr_line' id='line_1_36' title="bbox 217 1601 1006 1637; baseline 0 -8"><span class='ocrx_word' id='word_1_246' title='bbox 217 1607 247 1629; x_wconf 90' lang='lat' dir='ltr'><strong>ut</strong></span> <span class='ocrx_word' id='word_1_247' title='bbox 263 1602 312 1637; x_wconf 86' lang='lat' dir='ltr'><strong>qui</strong></span> <span class='ocrx_word' id='word_1_248' title='bbox 327 1603 416 1637; x_wconf 85' lang='lat' dir='ltr'><strong>legum</strong></span> <span class='ocrx_word' id='word_1_249' title='bbox 430 1602 527 1629; x_wconf 84' lang='lat' dir='ltr'><strong>doctor</strong></span> <span class='ocrx_word' id='word_1_250' title='bbox 541 1602 588 1634; x_wconf 84' lang='lat' dir='ltr'><strong>sit,</strong></span> <span class='ocrx_word' id='word_1_251' title='bbox 602 1607 630 1630; x_wconf 90' lang='lat' dir='ltr'><strong>et</strong></span> <span class='ocrx_word' id='word_1_252' title='bbox 651 1610 711 1637; x_wconf 65' lang='lat' dir='ltr'><strong>qum</strong></span> <span class='ocrx_word' id='word_1_253' title='bbox 726 1601 831 1637; x_wconf 84' lang='lat' dir='ltr'><strong>legibus</strong></span> <span class='ocrx_word' id='word_1_254' title='bbox 859 1608 1006 1630; x_wconf 79' lang='lat' dir='ltr'><strong>consenta-</strong></span> 
     </span>
    </p>
   </div>
   <div class='ocr_carea' id='block_1_37' title="bbox 216 1648 1004 1683">
    <p class='ocr_par' dir='ltr' id='par_1_37' title="bbox 216 1648 1004 1683">
     <span class='ocr_line' id='line_1_37' title="bbox 216 1648 1004 1683; baseline 0 -8"><span class='ocrx_word' id='word_1_255' title='bbox 216 1655 269 1675; x_wconf 81' lang='lat' dir='ltr'><strong>nea</strong></span> <span class='ocrx_word' id='word_1_256' title='bbox 302 1652 367 1675; x_wconf 87' lang='lat' dir='ltr'><strong>sunt</strong></span> <span class='ocrx_word' id='word_1_257' title='bbox 385 1648 525 1683; x_wconf 82' lang='lat' dir='ltr'><strong>loquatur.</strong></span> <span class='ocrx_word' id='word_1_258' title='bbox 555 1648 675 1675; x_wconf 83' lang='lat' dir='ltr'><strong>Necesse</strong></span> <span class='ocrx_word' id='word_1_259' title='bbox 691 1656 756 1675; x_wconf 76' lang='lat' dir='ltr'><strong>vero</strong></span> <span class='ocrx_word' id='word_1_260' title='bbox 770 1652 812 1676; x_wconf 89' lang='lat' dir='ltr'><strong>est</strong></span> <span class='ocrx_word' id='word_1_261' title='bbox 832 1648 920 1683; x_wconf 87' lang='lat' dir='ltr'><strong>ipsunt</strong></span> <span class='ocrx_word' id='word_1_262' title='bbox 949 1653 1004 1675; x_wconf 87' lang='lat' dir='ltr'><strong>tam</strong></span> 
     </span>
    </p>
   </div>
   <div class='ocr_carea' id='block_1_38' title="bbox 215 1693 1006 1728">
    <p class='ocr_par' dir='ltr' id='par_1_38' title="bbox 215 1693 1006 1728">
     <span class='ocr_line' id='line_1_38' title="bbox 215 1693 1006 1728; baseline 0.001 -8"><span class='ocrx_word' id='word_1_263' title='bbox 215 1693 302 1720; x_wconf 88' lang='lat' dir='ltr'><strong>multa</strong></span> <span class='ocrx_word' id='word_1_264' title='bbox 317 1701 400 1720; x_wconf 87' lang='lat' dir='ltr'><strong>unuttt</strong></span> <span class='ocrx_word' id='word_1_265' title='bbox 414 1693 521 1728; x_wconf 81' lang='lat' dir='ltr'><strong>negotia</strong></span> <span class='ocrx_word' id='word_1_266' title='bbox 539 1694 687 1724; x_wconf 85' lang='lat' dir='ltr'><strong>sustinere.</strong></span> <span class='ocrx_word' id='word_1_267' title='bbox 708 1701 790 1728; x_wconf 73' lang='lat' dir='ltr'><strong>(tuam</strong></span> <span class='ocrx_word' id='word_1_268' title='bbox 812 1694 895 1721; x_wconf 85' lang='lat' dir='ltr'><strong>multa</strong></span> <span class='ocrx_word' id='word_1_269' title='bbox 915 1694 1006 1721; x_wconf 62' lang='lat' dir='ltr'><strong>exteri</strong></span> 
     </span>
    </p>
   </div>
   <div class='ocr_carea' id='block_1_39' title="bbox 217 1738 1006 1774">
    <p class='ocr_par' dir='ltr' id='par_1_39' title="bbox 217 1738 1006 1774">
     <span class='ocr_line' id='line_1_39' title="bbox 217 1738 1006 1774; baseline -0.003 -8"><span class='ocrx_word' id='word_1_270' title='bbox 217 1739 301 1766; x_wconf 77' lang='lat' dir='ltr'><strong>simul</strong></span> <span class='ocrx_word' id='word_1_271' title='bbox 322 1746 428 1766; x_wconf 89' lang='lat' dir='ltr'><strong>omnes.</strong></span> <span class='ocrx_word' id='word_1_272' title='bbox 448 1738 524 1766; x_wconf 91' lang='lat' dir='ltr'><strong>Unus</strong></span> <span class='ocrx_word' id='word_1_273' title='bbox 539 1739 612 1766; x_wconf 90' lang='lat' dir='ltr'><strong>enim</strong></span> <span class='ocrx_word' id='word_1_274' title='bbox 633 1747 693 1774; x_wconf 65' lang='lat' dir='ltr'><strong>quae</strong></span> <span class='ocrx_word' id='word_1_275' title='bbox 715 1739 839 1765; x_wconf 89' lang='lat' dir='ltr'><strong>ontttiunt</strong></span> <span class='ocrx_word' id='word_1_276' title='bbox 860 1743 923 1765; x_wconf 89' lang='lat' dir='ltr'><strong>sunt</strong></span> <span class='ocrx_word' id='word_1_277' title='bbox 948 1738 1006 1765; x_wconf 75' lang='lat' dir='ltr'><strong>elli-</strong></span> 
     </span>
    </p>
   </div>
   <div class='ocr_carea' id='block_1_40' title="bbox 215 1784 1005 1816">
    <p class='ocr_par' dir='ltr' id='par_1_40' title="bbox 215 1784 1005 1816">
     <span class='ocr_line' id='line_1_40' title="bbox 215 1784 1005 1816; baseline -0.001 -5"><span class='ocrx_word' id='word_1_278' title='bbox 215 1792 280 1811; x_wconf 83' lang='lat' dir='ltr'><strong>cere</strong></span> <span class='ocrx_word' id='word_1_279' title='bbox 292 1784 373 1811; x_wconf 84' lang='lat' dir='ltr'><strong>debet</strong></span> <span class='ocrx_word' id='word_1_280' title='bbox 386 1804 393 1816; x_wconf 92' lang='lat'><strong>,</strong></span> <span class='ocrx_word' id='word_1_281' title='bbox 410 1788 459 1811; x_wconf 89' lang='lat' dir='ltr'><strong>aut</strong></span> <span class='ocrx_word' id='word_1_282' title='bbox 474 1785 714 1811; x_wconf 82' lang='lat' dir='ltr'><strong>criminationibus</strong></span> <span class='ocrx_word' id='word_1_283' title='bbox 728 1784 856 1811; x_wconf 88' lang='lat' dir='ltr'><strong>onmibus</strong></span> <span class='ocrx_word' id='word_1_284' title='bbox 871 1784 1005 1811; x_wconf 75' lang='lat' dir='ltr'><strong>obnoxius</strong></span> 
     </span>
    </p>
   </div>
   <div class='ocr_carea' id='block_1_41' title="bbox 216 1829 1004 1865">
    <p class='ocr_par' dir='ltr' id='par_1_41' title="bbox 216 1829 1004 1865">
     <span class='ocr_line' id='line_1_41' title="bbox 216 1829 1004 1865; baseline -0.004 -7"><span class='ocrx_word' id='word_1_285' title='bbox 216 1831 252 1858; x_wconf 83' lang='lat' dir='ltr'><strong>sit</strong></span> <span class='ocrx_word' id='word_1_286' title='bbox 268 1834 389 1865; x_wconf 89' lang='lat' dir='ltr'><strong>oportet.</strong></span> <span class='ocrx_word' id='word_1_287' title='bbox 400 1829 543 1862; x_wconf 84' lang='lat' dir='ltr'><strong>Quomodo</strong></span> <span class='ocrx_word' id='word_1_288' title='bbox 558 1830 642 1865; x_wconf 74' lang='lat' dir='ltr'><strong>igitur</strong></span> <span class='ocrx_word' id='word_1_289' title='bbox 659 1838 713 1857; x_wconf 85' lang='lat' dir='ltr'><strong>non</strong></span> <span class='ocrx_word' id='word_1_290' title='bbox 729 1830 848 1865; x_wconf 79' lang='lat' dir='ltr'><strong>ingentis</strong></span> <span class='ocrx_word' id='word_1_291' title='bbox 861 1830 1004 1864; x_wconf 85' lang='lat' dir='ltr'><strong>cujusdam</strong></span> 
     </span>
    </p>
   </div>
   <div class='ocr_carea' id='block_1_42' title="bbox 216 1875 1006 1911">
    <p class='ocr_par' dir='ltr' id='par_1_42' title="bbox 216 1875 1006 1911">
     <span class='ocr_line' id='line_1_42' title="bbox 216 1875 1006 1911; baseline -0.005 -7"><span class='ocrx_word' id='word_1_292' title='bbox 216 1882 243 1904; x_wconf 73' lang='lat' dir='ltr'><strong>et</strong></span> <span class='ocrx_word' id='word_1_293' title='bbox 263 1875 484 1911; x_wconf 53' lang='lat' dir='ltr'><strong>praestantissimi</strong></span> <span class='ocrx_word' id='word_1_294' title='bbox 497 1875 550 1902; x_wconf 87' lang='lat' dir='ltr'><strong>erit</strong></span> <span class='ocrx_word' id='word_1_295' title='bbox 567 1876 662 1907; x_wconf 88' lang='lat' dir='ltr'><strong>animi,</strong></span> <span class='ocrx_word' id='word_1_296' title='bbox 680 1879 783 1902; x_wconf 84' lang='lat' dir='ltr'><strong>tantam</strong></span> <span class='ocrx_word' id='word_1_297' title='bbox 802 1882 930 1902; x_wconf 87' lang='lat' dir='ltr'><strong>curarunt</strong></span> <span class='ocrx_word' id='word_1_298' title='bbox 950 1881 1006 1900; x_wconf 85' lang='lat' dir='ltr'><strong>tuo-</strong></span> 
     </span>
    </p>
   </div>
   <div class='ocr_carea' id='block_1_43' title="bbox 217 1920 1004 1957">
    <p class='ocr_par' dir='ltr' id='par_1_43' title="bbox 217 1920 1004 1957">
     <span class='ocr_line' id='line_1_43' title="bbox 217 1920 1004 1957; baseline -0.003 -8"><span class='ocrx_word' id='word_1_299' title='bbox 217 1923 269 1949; x_wconf 88' lang='lat' dir='ltr'><strong>lem</strong></span> <span class='ocrx_word' id='word_1_300' title='bbox 283 1922 444 1957; x_wconf 83' lang='lat' dir='ltr'><strong>pondusque</strong></span> <span class='ocrx_word' id='word_1_301' title='bbox 458 1921 604 1952; x_wconf 88' lang='lat' dir='ltr'><strong>sustinere,</strong></span> <span class='ocrx_word' id='word_1_302' title='bbox 628 1928 678 1947; x_wconf 81' lang='lat' dir='ltr'><strong>nec</strong></span> <span class='ocrx_word' id='word_1_303' title='bbox 695 1922 729 1948; x_wconf 90' lang='lat' dir='ltr'><strong>iis</strong></span> <span class='ocrx_word' id='word_1_304' title='bbox 745 1923 862 1947; x_wconf 88' lang='lat' dir='ltr'><strong>mentem</strong></span> <span class='ocrx_word' id='word_1_305' title='bbox 877 1920 1004 1951; x_wconf 86' lang='lat' dir='ltr'><strong>obruere,</strong></span> 
     </span>
    </p>
   </div>
   <div class='ocr_carea' id='block_1_44' title="bbox 1020 865 1041 893">
    <p class='ocr_par' dir='ltr' id='par_1_44' title="bbox 1020 865 1041 893">
     <span class='ocr_line' id='line_1_44' title="bbox 1020 865 1041 893; baseline 0 0"><span class='ocrx_word' id='word_1_306' title='bbox 1020 865 1041 893; x_wconf 80' lang='grc' dir='ltr'><strong>Β</strong></span> 
     </span>
    </p>
   </div>
   <div class='ocr_carea' id='block_1_45' title="bbox 1020 1538 1042 1567">
    <p class='ocr_par' dir='ltr' id='par_1_45' title="bbox 1020 1538 1042 1567">
     <span class='ocr_line' id='line_1_45' title="bbox 1020 1538 1042 1567; baseline 0 0"><span class='ocrx_word' id='word_1_307' title='bbox 1020 1538 1042 1567; x_wconf 79' lang='grc' dir='ltr'>ε</span> 
     </span>
    </p>
   </div>
   <div class='ocr_carea' id='block_1_46' title="bbox 156 1964 1005 2000">
    <p class='ocr_par' dir='ltr' id='par_1_46' title="bbox 156 1964 1005 2000">
     <span class='ocr_line' id='line_1_46' title="bbox 156 1964 1005 2000; baseline -0.005 -6"><span class='ocrx_word' id='word_1_308' title='bbox 156 1981 164 1987; x_wconf 68' lang='grc' dir='ltr'><strong><em>ο</em></strong></span> <span class='ocrx_word' id='word_1_309' title='bbox 218 1974 268 1994; x_wconf 85' lang='lat' dir='ltr'><strong>nec</strong></span> <span class='ocrx_word' id='word_1_310' title='bbox 283 1967 309 1993; x_wconf 91' lang='lat' dir='ltr'><strong>in</strong></span> <span class='ocrx_word' id='word_1_311' title='bbox 326 1967 420 1993; x_wconf 87' lang='lat' dir='ltr'><strong>animo</strong></span> <span class='ocrx_word' id='word_1_312' title='bbox 433 1966 594 1993; x_wconf 89' lang='lat' dir='ltr'><strong>restittctant</strong></span> <span class='ocrx_word' id='word_1_313' title='bbox 612 1965 732 1992; x_wconf 80' lang='lat' dir='ltr'><strong>divinant</strong></span> <span class='ocrx_word' id='word_1_314' title='bbox 748 1965 908 2000; x_wconf 82' lang='lat' dir='ltr'><strong>particulam</strong></span> <span class='ocrx_word' id='word_1_315' title='bbox 921 1964 1005 2000; x_wconf 82' lang='lat' dir='ltr'><strong>negli-</strong></span> 
     </span>
    </p>
   </div>
   <div class='ocr_carea' id='block_1_47' title="bbox 216 2010 1005 2047">
    <p class='ocr_par' dir='ltr' id='par_1_47' title="bbox 216 2010 1005 2047">
     <span class='ocr_line' id='line_1_47' title="bbox 216 2010 1005 2047; baseline -0.005 -8"><span class='ocrx_word' id='word_1_316' title='bbox 216 2020 291 2047; x_wconf 82' lang='lat' dir='ltr'><strong>gere,</strong></span> <span class='ocrx_word' id='word_1_317' title='bbox 306 2020 368 2039; x_wconf 89' lang='lat' dir='ltr'><strong>cum</strong></span> <span class='ocrx_word' id='word_1_318' title='bbox 388 2012 479 2047; x_wconf 87' lang='lat' dir='ltr'><strong>ipsum</strong></span> <span class='ocrx_word' id='word_1_319' title='bbox 501 2015 578 2038; x_wconf 82' lang='lat' dir='ltr'><strong>tanta</strong></span> <span class='ocrx_word' id='word_1_320' title='bbox 595 2011 747 2038; x_wconf 85' lang='lat' dir='ltr'><strong>studiorum</strong></span> <span class='ocrx_word' id='word_1_321' title='bbox 770 2011 889 2038; x_wconf 82' lang='lat' dir='ltr'><strong>varietas</strong></span> <span class='ocrx_word' id='word_1_322' title='bbox 908 2010 1005 2037; x_wconf 88' lang='lat' dir='ltr'><strong>distra-</strong></span> 
     </span>
    </p>
   </div>
   <div class='ocr_carea' id='block_1_48' title="bbox 216 2056 1005 2092">
    <p class='ocr_par' dir='ltr' id='par_1_48' title="bbox 216 2056 1005 2092">
     <span class='ocr_line' id='line_1_48' title="bbox 216 2056 1005 2092; baseline -0.004 -7"><span class='ocrx_word' id='word_1_323' title='bbox 216 2058 305 2085; x_wconf 82' lang='lat' dir='ltr'><strong>xerit?</strong></span> <span class='ocrx_word' id='word_1_324' title='bbox 329 2057 384 2085; x_wconf 89' lang='lat' dir='ltr'><strong>Nec</strong></span> <span class='ocrx_word' id='word_1_325' title='bbox 408 2065 456 2084; x_wconf 88' lang='lat' dir='ltr'><strong>me</strong></span> <span class='ocrx_word' id='word_1_326' title='bbox 471 2057 603 2092; x_wconf 67' lang='lat' dir='ltr'><strong>pra-terit,</strong></span> <span class='ocrx_word' id='word_1_327' title='bbox 632 2056 689 2083; x_wconf 85' lang='lat' dir='ltr'><strong>ﬁeri</strong></span> <span class='ocrx_word' id='word_1_328' title='bbox 708 2056 781 2083; x_wconf 83' lang='lat' dir='ltr'><strong>istud</strong></span> <span class='ocrx_word' id='word_1_329' title='bbox 806 2057 840 2083; x_wconf 90' lang='lat' dir='ltr'><strong>ab</strong></span> <span class='ocrx_word' id='word_1_330' title='bbox 868 2056 1005 2090; x_wconf 83' lang='lat' dir='ltr'><strong>aliquibus</strong></span> 
     </span>
    </p>
   </div>
   <div class='ocr_carea' id='block_1_49' title="bbox 215 2101 1004 2140">
    <p class='ocr_par' dir='ltr' id='par_1_49' title="bbox 215 2101 1004 2140">
     <span class='ocr_line' id='line_1_49' title="bbox 215 2101 1004 2140; baseline -0.005 -8"><span class='ocrx_word' id='word_1_331' title='bbox 215 2111 317 2140; x_wconf 84' lang='lat' dir='ltr'><strong>posse;</strong></span> <span class='ocrx_word' id='word_1_332' title='bbox 334 2108 361 2132; x_wconf 87' lang='lat' dir='ltr'><strong>et</strong></span> <span class='ocrx_word' id='word_1_333' title='bbox 378 2103 537 2131; x_wconf 85' lang='lat' dir='ltr'><strong>istiusmodi</strong></span> <span class='ocrx_word' id='word_1_334' title='bbox 553 2102 658 2130; x_wconf 76' lang='lat' dir='ltr'><strong>felicem</strong></span> <span class='ocrx_word' id='word_1_335' title='bbox 681 2101 798 2129; x_wconf 86' lang='lat' dir='ltr'><strong>indolem</strong></span> <span class='ocrx_word' id='word_1_336' title='bbox 818 2101 936 2136; x_wconf 71' lang='lat' dir='ltr'><strong>prmdico</strong></span> <span class='ocrx_word' id='word_1_337' title='bbox 948 2122 954 2134; x_wconf 88' lang='lat'><strong>,</strong></span> <span class='ocrx_word' id='word_1_338' title='bbox 972 2109 1004 2129; x_wconf 89' lang='lat' dir='ltr'><strong>ac</strong></span> 
     </span>
    </p>
   </div>
   <div class='ocr_carea' id='block_1_50' title="bbox 215 2147 1004 2183">
    <p class='ocr_par' dir='ltr' id='par_1_50' title="bbox 215 2147 1004 2183">
     <span class='ocr_line' id='line_1_50' title="bbox 215 2147 1004 2183; baseline -0.003 -7"><span class='ocrx_word' id='word_1_339' title='bbox 215 2150 305 2183; x_wconf 84' lang='lat' dir='ltr'><strong>reipsa</strong></span> <span class='ocrx_word' id='word_1_340' title='bbox 322 2148 429 2176; x_wconf 90' lang='lat' dir='ltr'><strong>divinos</strong></span> <span class='ocrx_word' id='word_1_341' title='bbox 444 2148 505 2175; x_wconf 87' lang='lat' dir='ltr'><strong>illos</strong></span> <span class='ocrx_word' id='word_1_342' title='bbox 514 2155 575 2175; x_wconf 77' lang='lat' dir='ltr'><strong>esse</strong></span> <span class='ocrx_word' id='word_1_343' title='bbox 591 2148 665 2174; x_wconf 88' lang='lat' dir='ltr'><strong>viros</strong></span> <span class='ocrx_word' id='word_1_344' title='bbox 681 2155 792 2180; x_wconf 90' lang='lat' dir='ltr'><strong>censeo,</strong></span> <span class='ocrx_word' id='word_1_345' title='bbox 810 2155 880 2182; x_wconf 89' lang='lat' dir='ltr'><strong>quos</strong></span> <span class='ocrx_word' id='word_1_346' title='bbox 892 2147 1004 2174; x_wconf 80' lang='lat' dir='ltr'><strong>assidua</strong></span> 
     </span>
    </p>
   </div>
   <div class='ocr_carea' id='block_1_51' title="bbox 214 2192 1004 2221">
    <p class='ocr_par' dir='ltr' id='par_1_51' title="bbox 214 2192 1004 2221">
     <span class='ocr_line' id='line_1_51' title="bbox 214 2192 1004 2221; baseline 0 -1"><span class='ocrx_word' id='word_1_347' title='bbox 214 2193 395 2221; x_wconf 89' lang='lat' dir='ltr'><strong>humanarunt</strong></span> <span class='ocrx_word' id='word_1_348' title='bbox 407 2201 499 2220; x_wconf 87' lang='lat' dir='ltr'><strong>reruttt</strong></span> <span class='ocrx_word' id='word_1_349' title='bbox 519 2193 647 2220; x_wconf 84' lang='lat' dir='ltr'><strong>tractatio</strong></span> <span class='ocrx_word' id='word_1_350' title='bbox 665 2200 679 2218; x_wconf 92' lang='lat' dir='ltr'><strong>a</strong></span> <span class='ocrx_word' id='word_1_351' title='bbox 696 2193 787 2219; x_wconf 87' lang='lat' dir='ltr'><strong>divina</strong></span> <span class='ocrx_word' id='word_1_352' title='bbox 803 2192 1004 2220; x_wconf 87' lang='lat' dir='ltr'><strong>consuetudine</strong></span> 
     </span>
    </p>
   </div>
   <div class='ocr_carea' id='block_1_52' title="bbox 214 2238 1003 2273">
    <p class='ocr_par' dir='ltr' id='par_1_52' title="bbox 214 2238 1003 2273">
     <span class='ocr_line' id='line_1_52' title="bbox 214 2238 1003 2273; baseline -0.001 -7"><span class='ocrx_word' id='word_1_353' title='bbox 214 2247 269 2267; x_wconf 84' lang='lat' dir='ltr'><strong>non</strong></span> <span class='ocrx_word' id='word_1_354' title='bbox 276 2243 382 2266; x_wconf 87' lang='lat' dir='ltr'><strong>avocet.</strong></span> <span class='ocrx_word' id='word_1_355' title='bbox 399 2238 452 2266; x_wconf 86' lang='lat' dir='ltr'><strong>Sed</strong></span> <span class='ocrx_word' id='word_1_356' title='bbox 466 2245 517 2273; x_wconf 89' lang='lat' dir='ltr'><strong>ego</strong></span> <span class='ocrx_word' id='word_1_357' title='bbox 531 2238 665 2273; x_wconf 88' lang='lat' dir='ltr'><strong>meipsum</strong></span> <span class='ocrx_word' id='word_1_358' title='bbox 681 2238 802 2272; x_wconf 79' lang='lat' dir='ltr'><strong>intelligo</strong></span> <span class='ocrx_word' id='word_1_359' title='bbox 817 2242 844 2265; x_wconf 88' lang='lat' dir='ltr'><strong>et</strong></span> <span class='ocrx_word' id='word_1_360' title='bbox 859 2238 891 2265; x_wconf 86' lang='lat' dir='ltr'><strong>ad</strong></span> <span class='ocrx_word' id='word_1_361' title='bbox 909 2239 1003 2266; x_wconf 88' lang='lat' dir='ltr'><strong>urbem</strong></span> 
     </span>
    </p>
   </div>
   <div class='ocr_carea' id='block_1_53' title="bbox 214 2284 1004 2320">
    <p class='ocr_par' dir='ltr' id='par_1_53' title="bbox 214 2284 1004 2320">
     <span class='ocr_line' id='line_1_53' title="bbox 214 2284 1004 2320; baseline -0.001 -7"><span class='ocrx_word' id='word_1_362' title='bbox 214 2285 393 2316; x_wconf 76' lang='lat' dir='ltr'><strong>descendere,</strong></span> <span class='ocrx_word' id='word_1_363' title='bbox 418 2288 446 2311; x_wconf 88' lang='lat' dir='ltr'><strong>et</strong></span> <span class='ocrx_word' id='word_1_364' title='bbox 472 2284 506 2311; x_wconf 83' lang='lat' dir='ltr'><strong>ab</strong></span> <span class='ocrx_word' id='word_1_365' title='bbox 538 2286 606 2312; x_wconf 87' lang='lat' dir='ltr'><strong>urbe</strong></span> <span class='ocrx_word' id='word_1_366' title='bbox 632 2284 783 2312; x_wconf 86' lang='lat' dir='ltr'><strong>ascendere</strong></span> <span class='ocrx_word' id='word_1_367' title='bbox 797 2285 896 2317; x_wconf 85' lang='lat' dir='ltr'><strong>solere,</strong></span> <span class='ocrx_word' id='word_1_368' title='bbox 916 2285 1004 2320; x_wconf 88' lang='lat' dir='ltr'><strong>iisque</strong></span> 
     </span>
    </p>
   </div>
   <div class='ocr_carea' id='block_1_54' title="bbox 214 2330 1004 2366">
    <p class='ocr_par' dir='ltr' id='par_1_54' title="bbox 214 2330 1004 2366">
     <span class='ocr_line' id='line_1_54' title="bbox 214 2330 1004 2366; baseline -0.001 -6"><span class='ocrx_word' id='word_1_369' title='bbox 214 2332 297 2360; x_wconf 85' lang='lat' dir='ltr'><strong>rebus</strong></span> <span class='ocrx_word' id='word_1_370' title='bbox 310 2331 443 2366; x_wconf 85' lang='lat' dir='ltr'><strong>implicari</strong></span> <span class='ocrx_word' id='word_1_371' title='bbox 461 2338 522 2365; x_wconf 69' lang='lat' dir='ltr'><strong>quae</strong></span> <span class='ocrx_word' id='word_1_372' title='bbox 543 2330 578 2358; x_wconf 86' lang='lat' dir='ltr'><strong>ad</strong></span> <span class='ocrx_word' id='word_1_373' title='bbox 608 2335 716 2358; x_wconf 89' lang='lat' dir='ltr'><strong>terrena</strong></span> <span class='ocrx_word' id='word_1_374' title='bbox 745 2335 772 2358; x_wconf 87' lang='lat' dir='ltr'><strong>et</strong></span> <span class='ocrx_word' id='word_1_375' title='bbox 798 2331 890 2358; x_wconf 81' lang='lat' dir='ltr'><strong>inﬁma</strong></span> <span class='ocrx_word' id='word_1_376' title='bbox 914 2331 1004 2359; x_wconf 86' lang='lat' dir='ltr'><strong>detra-</strong></span> 
     </span>
    </p>
   </div>
   <div class='ocr_carea' id='block_1_55' title="bbox 213 2376 1002 2411">
    <p class='ocr_par' dir='ltr' id='par_1_55' title="bbox 213 2376 1002 2411">
     <span class='ocr_line' id='line_1_55' title="bbox 213 2376 1002 2411; baseline -0.001 -7"><span class='ocrx_word' id='word_1_377' title='bbox 213 2377 299 2410; x_wconf 86' lang='lat' dir='ltr'><strong>hant,</strong></span> <span class='ocrx_word' id='word_1_378' title='bbox 314 2380 341 2404; x_wconf 90' lang='lat' dir='ltr'><strong>et</strong></span> <span class='ocrx_word' id='word_1_379' title='bbox 356 2377 466 2411; x_wconf 88' lang='lat' dir='ltr'><strong>quantis</strong></span> <span class='ocrx_word' id='word_1_380' title='bbox 483 2383 564 2403; x_wconf 82' lang='lat' dir='ltr'><strong>nemo</strong></span> <span class='ocrx_word' id='word_1_381' title='bbox 576 2376 677 2404; x_wconf 75' lang='lat' dir='ltr'><strong>dixerit</strong></span> <span class='ocrx_word' id='word_1_382' title='bbox 693 2376 822 2404; x_wconf 87' lang='lat' dir='ltr'><strong>sordibus</strong></span> <span class='ocrx_word' id='word_1_383' title='bbox 852 2376 1002 2411; x_wconf 85' lang='lat' dir='ltr'><strong>inquinari.</strong></span> 
     </span>
    </p>
   </div>
   <div class='ocr_carea' id='block_1_56' title="bbox 212 2421 1002 2457">
    <p class='ocr_par' dir='ltr' id='par_1_56' title="bbox 212 2421 1002 2457">
     <span class='ocr_line' id='line_1_56' title="bbox 212 2421 1002 2457; baseline -0.001 -8"><span class='ocrx_word' id='word_1_384' title='bbox 212 2421 280 2449; x_wconf 86' lang='lat' dir='ltr'><strong>Nam</strong></span> <span class='ocrx_word' id='word_1_385' title='bbox 297 2423 331 2449; x_wconf 88' lang='lat' dir='ltr'><strong>ad</strong></span> <span class='ocrx_word' id='word_1_386' title='bbox 351 2422 452 2457; x_wconf 85' lang='lat' dir='ltr'><strong>ipsum,</strong></span> <span class='ocrx_word' id='word_1_387' title='bbox 475 2422 548 2457; x_wconf 89' lang='lat' dir='ltr'><strong>quod</strong></span> <span class='ocrx_word' id='word_1_388' title='bbox 569 2423 682 2456; x_wconf 71' lang='lat' dir='ltr'><strong>privata:</strong></span> <span class='ocrx_word' id='word_1_389' title='bbox 697 2421 764 2448; x_wconf 88' lang='lat' dir='ltr'><strong>milti</strong></span> <span class='ocrx_word' id='word_1_390' title='bbox 795 2426 821 2449; x_wconf 87' lang='lat' dir='ltr'><strong>et</strong></span> <span class='ocrx_word' id='word_1_391' title='bbox 845 2422 1002 2449; x_wconf 61' lang='lat' dir='ltr'><strong>inveteratm</strong></span> 
     </span>
    </p>
   </div>
   <div class='ocr_carea' id='block_1_57' title="bbox 213 2467 999 2502">
    <p class='ocr_par' dir='ltr' id='par_1_57' title="bbox 213 2467 999 2502">
     <span class='ocr_line' id='line_1_57' title="bbox 213 2467 999 2502; baseline 0 -9"><span class='ocrx_word' id='word_1_392' title='bbox 213 2467 289 2495; x_wconf 88' lang='lat' dir='ltr'><strong>labes</strong></span> <span class='ocrx_word' id='word_1_393' title='bbox 307 2468 480 2499; x_wconf 88' lang='lat' dir='ltr'><strong>inoleverint,</strong></span> <span class='ocrx_word' id='word_1_394' title='bbox 498 2467 629 2502; x_wconf 80' lang='lat' dir='ltr'><strong>quidquid</strong></span> <span class='ocrx_word' id='word_1_395' title='bbox 643 2467 684 2494; x_wconf 89' lang='lat' dir='ltr'><strong>vel</strong></span> <span class='ocrx_word' id='word_1_396' title='bbox 701 2467 843 2493; x_wconf 89' lang='lat' dir='ltr'><strong>minimum</strong></span> <span class='ocrx_word' id='word_1_397' title='bbox 863 2467 999 2501; x_wconf 82' lang='lat' dir='ltr'><strong>adjectum</strong></span> 
     </span>
    </p>
   </div>
   <div class='ocr_carea' id='block_1_58' title="bbox 194 2512 1000 2545">
    <p class='ocr_par' dir='ltr' id='par_1_58' title="bbox 194 2512 1000 2545">
     <span class='ocr_line' id='line_1_58' title="bbox 194 2512 1000 2545; baseline 0 -6"><span class='ocrx_word' id='word_1_398' title='bbox 194 2512 198 2517; x_wconf 85' lang='grc'><strong>“</strong></span> <span class='ocrx_word' id='word_1_399' title='bbox 213 2512 307 2545; x_wconf 83' lang='lat' dir='ltr'><strong>fuerit,</strong></span> <span class='ocrx_word' id='word_1_400' title='bbox 324 2513 571 2540; x_wconf 83' lang='lat' dir='ltr'><strong>cumulatissimam</strong></span> <span class='ocrx_word' id='word_1_401' title='bbox 587 2513 775 2540; x_wconf 85' lang='lat' dir='ltr'><strong>accessionem</strong></span> <span class='ocrx_word' id='word_1_402' title='bbox 803 2512 877 2540; x_wconf 79' lang='lat' dir='ltr'><strong>facit.</strong></span> <span class='ocrx_word' id='word_1_403' title='bbox 907 2512 1000 2540; x_wconf 75' lang='lat' dir='ltr'><strong>Robur</strong></span> 
     </span>
    </p>
   </div>
   <div class='ocr_carea' id='block_1_59' title="bbox 212 2557 998 2593">
    <p class='ocr_par' dir='ltr' id='par_1_59' title="bbox 212 2557 998 2593">
     <span class='ocr_line' id='line_1_59' title="bbox 212 2557 998 2593; baseline 0 -8"><span class='ocrx_word' id='word_1_404' title='bbox 212 2562 303 2586; x_wconf 81' lang='lat' dir='ltr'><strong>autem</strong></span> <span class='ocrx_word' id='word_1_405' title='bbox 319 2558 425 2586; x_wconf 89' lang='lat' dir='ltr'><strong>nullum</strong></span> <span class='ocrx_word' id='word_1_406' title='bbox 439 2558 505 2586; x_wconf 81' lang='lat' dir='ltr'><strong>mitti</strong></span> <span class='ocrx_word' id='word_1_407' title='bbox 517 2563 639 2592; x_wconf 81' lang='lat' dir='ltr'><strong>est;nec</strong></span> <span class='ocrx_word' id='word_1_408' title='bbox 653 2565 714 2593; x_wconf 69' lang='lat' dir='ltr'><strong>quae</strong></span> <span class='ocrx_word' id='word_1_409' title='bbox 731 2557 806 2585; x_wconf 86' lang='lat' dir='ltr'><strong>intus</strong></span> <span class='ocrx_word' id='word_1_410' title='bbox 824 2562 889 2585; x_wconf 87' lang='lat' dir='ltr'><strong>sunt</strong></span> <span class='ocrx_word' id='word_1_411' title='bbox 921 2558 998 2585; x_wconf 85' lang='lat' dir='ltr'><strong>ﬁrma</strong></span> 
     </span>
    </p>
   </div>
   <div class='ocr_carea' id='block_1_60' title="bbox 1056 236 1847 275">
    <p class='ocr_par' dir='ltr' id='par_1_60' title="bbox 1056 236 1847 275">
     <span class='ocr_line' id='line_1_60' title="bbox 1056 236 1847 275; baseline 0.003 -12"><span class='ocrx_word' id='word_1_412' title='bbox 1056 236 1091 264; x_wconf 80' lang='grc' dir='ltr'><strong>τά</strong></span> <span class='ocrx_word' id='word_1_413' title='bbox 1110 236 1195 272; x_wconf 83' lang='grc' dir='ltr'>πλείῳ</span> <span class='ocrx_word' id='word_1_414' title='bbox 1210 237 1232 264; x_wconf 82' lang='grc' dir='ltr'>δ’</span> <span class='ocrx_word' id='word_1_415' title='bbox 1249 236 1283 264; x_wconf 80' lang='grc' dir='ltr'>ἂν</span> <span class='ocrx_word' id='word_1_416' title='bbox 1295 237 1385 264; x_wconf 75' lang='grc' dir='ltr'>αὐτῶν</span> <span class='ocrx_word' id='word_1_417' title='bbox 1403 237 1452 264; x_wconf 74' lang='grc' dir='ltr'>καὶ</span> <span class='ocrx_word' id='word_1_418' title='bbox 1469 238 1579 274; x_wconf 84' lang='grc' dir='ltr'>εἰδείης.</span> <span class='ocrx_word' id='word_1_419' title='bbox 1591 239 1698 275; x_wconf 75' lang='grc' dir='ltr'>Μικρὸν</span> <span class='ocrx_word' id='word_1_420' title='bbox 1711 238 1847 274; x_wconf 78' lang='grc' dir='ltr'>ἀράμενος</span> 
     </span>
    </p>
   </div>
   <div class='ocr_carea' id='block_1_61' title="bbox 1056 282 1856 319">
    <p class='ocr_par' dir='ltr' id='par_1_61' title="bbox 1056 282 1856 319">
     <span class='ocr_line' id='line_1_61' title="bbox 1056 282 1856 319; baseline 0.004 -11"><span class='ocrx_word' id='word_1_421' title='bbox 1056 282 1179 317; x_wconf 84' lang='grc' dir='ltr'><strong>φορτίον,</strong></span> <span class='ocrx_word' id='word_1_422' title='bbox 1203 282 1294 314; x_wconf 79' lang='grc' dir='ltr'>καλῶς</span> <span class='ocrx_word' id='word_1_423' title='bbox 1318 283 1441 317; x_wconf 86' lang='grc' dir='ltr'>ἐνεγκεῖν</span> <span class='ocrx_word' id='word_1_424' title='bbox 1464 292 1511 319; x_wconf 87' lang='grc' dir='ltr'><strong>μοι</strong></span> <span class='ocrx_word' id='word_1_425' title='bbox 1524 283 1595 311; x_wconf 83' lang='grc' dir='ltr'>δοκῶ</span> <span class='ocrx_word' id='word_1_426' title='bbox 1613 284 1646 311; x_wconf 76' lang='grc' dir='ltr'>τὸ</span> <span class='ocrx_word' id='word_1_427' title='bbox 1667 284 1749 319; x_wconf 79' lang='grc' dir='ltr'>μέχρι</span> <span class='ocrx_word' id='word_1_428' title='bbox 1761 283 1856 315; x_wconf 75' lang='grc' dir='ltr'>τοῦδε..</span> 
     </span>
    </p>
   </div>
   <div class='ocr_carea' id='block_1_62' title="bbox 1057 327 1849 365">
    <p class='ocr_par' dir='ltr' id='par_1_62' title="bbox 1057 327 1849 365">
     <span class='ocr_line' id='line_1_62' title="bbox 1057 327 1849 365; baseline 0.004 -11"><span class='ocrx_word' id='word_1_429' title='bbox 1057 327 1229 363; x_wconf 68' lang='grc' dir='ltr'>φιλοσοφίαν,</span> <span class='ocrx_word' id='word_1_430' title='bbox 1245 328 1295 355; x_wconf 84' lang='grc' dir='ltr'>Διά</span> <span class='ocrx_word' id='word_1_431' title='bbox 1323 328 1353 355; x_wconf 76' lang='grc' dir='ltr'>δὲ</span> <span class='ocrx_word' id='word_1_432' title='bbox 1374 329 1406 355; x_wconf 76' lang='grc' dir='ltr'><strong>τὸ</strong></span> <span class='ocrx_word' id='word_1_433' title='bbox 1421 329 1495 363; x_wconf 81' lang='grc' dir='ltr'>δόξαι</span> <span class='ocrx_word' id='word_1_434' title='bbox 1519 330 1557 365; x_wconf 81' lang='grc' dir='ltr'>μὴ</span> <span class='ocrx_word' id='word_1_435' title='bbox 1571 330 1746 358; x_wconf 82' lang='grc' dir='ltr'>παντάπασιν</span> <span class='ocrx_word' id='word_1_436' title='bbox 1763 329 1849 364; x_wconf 77' lang='grc' dir='ltr'>αὐτῆς</span> 
     </span>
    </p>
   </div>
   <div class='ocr_carea' id='block_1_63' title="bbox 1057 373 1856 410">
    <p class='ocr_par' dir='ltr' id='par_1_63' title="bbox 1057 373 1856 410">
     <span class='ocr_line' id='line_1_63' title="bbox 1057 373 1856 410; baseline 0.003 -10"><span class='ocrx_word' id='word_1_437' title='bbox 1057 374 1236 409; x_wconf 82' lang='grc' dir='ltr'>ἁμαρτάνειν,</span> <span class='ocrx_word' id='word_1_438' title='bbox 1249 374 1403 405; x_wconf 76' lang='grc' dir='ltr'>ἐπαινεθεὶς</span> <span class='ocrx_word' id='word_1_439' title='bbox 1410 374 1456 401; x_wconf 79' lang='grc' dir='ltr'>ὑπ’</span> <span class='ocrx_word' id='word_1_440' title='bbox 1468 374 1557 406; x_wconf 89' lang='grc' dir='ltr'>ἐνίων,</span> <span class='ocrx_word' id='word_1_441' title='bbox 1572 374 1700 410; x_wconf 75' lang='grc' dir='ltr'><strong>ἀξιοῦμαι</strong></span> <span class='ocrx_word' id='word_1_442' title='bbox 1718 373 1856 409; x_wconf 68' lang='grc' dir='ltr'>μειζόνων</span> 
     </span>
    </p>
   </div>
   <div class='ocr_carea' id='block_1_64' title="bbox 1057 419 1847 456">
    <p class='ocr_par' dir='ltr' id='par_1_64' title="bbox 1057 419 1847 456">
     <span class='ocr_line' id='line_1_64' title="bbox 1057 419 1847 456; baseline 0 -10"><span class='ocrx_word' id='word_1_443' title='bbox 1057 420 1134 456; x_wconf 78' lang='grc' dir='ltr'>παρὰ</span> <span class='ocrx_word' id='word_1_444' title='bbox 1149 419 1202 446; x_wconf 84' lang='grc' dir='ltr'>τῶν</span> <span class='ocrx_word' id='word_1_445' title='bbox 1215 420 1265 446; x_wconf 81' lang='grc' dir='ltr'>οὐκ</span> <span class='ocrx_word' id='word_1_446' title='bbox 1285 420 1395 447; x_wconf 77' lang='grc' dir='ltr'><strong>εἰδότων</strong></span> <span class='ocrx_word' id='word_1_447' title='bbox 1412 421 1502 455; x_wconf 87' lang='grc' dir='ltr'>κρῖναι</span> <span class='ocrx_word' id='word_1_448' title='bbox 1520 420 1608 456; x_wconf 71' lang='grc' dir='ltr'>ψυχῆς</span> <span class='ocrx_word' id='word_1_449' title='bbox 1630 420 1847 456; x_wconf 81' lang='grc' dir='ltr'>ἐπιτηδειότητα.</span> 
     </span>
    </p>
   </div>
   <div class='ocr_carea' id='block_1_65' title="bbox 1055 465 1848 501">
    <p class='ocr_par' dir='ltr' id='par_1_65' title="bbox 1055 465 1848 501">
     <span class='ocr_line' id='line_1_65' title="bbox 1055 465 1848 501; baseline 0 -10"><span class='ocrx_word' id='word_1_450' title='bbox 1055 465 1191 500; x_wconf 76' lang='grc' dir='ltr'>Φοϐοῦμαι</span> <span class='ocrx_word' id='word_1_451' title='bbox 1204 466 1234 491; x_wconf 78' lang='grc' dir='ltr'>δὲ</span> <span class='ocrx_word' id='word_1_452' title='bbox 1247 466 1285 500; x_wconf 82' lang='grc' dir='ltr'>μὴ</span> <span class='ocrx_word' id='word_1_453' title='bbox 1305 465 1404 500; x_wconf 82' lang='grc' dir='ltr'>χαῦνος</span> <span class='ocrx_word' id='word_1_454' title='bbox 1425 465 1578 501; x_wconf 81' lang='grc' dir='ltr'>γενόμενος,</span> <span class='ocrx_word' id='word_1_455' title='bbox 1595 466 1642 493; x_wconf 80' lang='grc' dir='ltr'>καὶ</span> <span class='ocrx_word' id='word_1_456' title='bbox 1665 465 1848 501; x_wconf 80' lang='grc' dir='ltr'>προσιέμενος</span> 
     </span>
    </p>
   </div>
   <div class='ocr_carea' id='block_1_66' title="bbox 1055 511 1855 547">
    <p class='ocr_par' dir='ltr' id='par_1_66' title="bbox 1055 511 1855 547">
     <span class='ocr_line' id='line_1_66' title="bbox 1055 511 1855 547; baseline 0 -10"><span class='ocrx_word' id='word_1_457' title='bbox 1055 511 1105 547; x_wconf 84' lang='grc' dir='ltr'>τὴν</span> <span class='ocrx_word' id='word_1_458' title='bbox 1128 511 1221 547; x_wconf 80' lang='grc' dir='ltr'>τιμὴν,</span> <span class='ocrx_word' id='word_1_459' title='bbox 1248 512 1348 546; x_wconf 75' lang='grc' dir='ltr'>ἀμφοῖν</span> <span class='ocrx_word' id='word_1_460' title='bbox 1375 511 1527 546; x_wconf 78' lang='grc' dir='ltr'>διαμάρτω,</span> <span class='ocrx_word' id='word_1_461' title='bbox 1552 511 1599 538; x_wconf 78' lang='grc' dir='ltr'>τοῦ</span> <span class='ocrx_word' id='word_1_462' title='bbox 1625 512 1673 547; x_wconf 84' lang='grc' dir='ltr'>μὲν</span> <span class='ocrx_word' id='word_1_463' title='bbox 1702 511 1855 546; x_wconf 68' lang='grc' dir='ltr'>ὑπεριδὼν,</span> 
     </span>
    </p>
   </div>
   <div class='ocr_carea' id='block_1_67' title="bbox 1055 555 1848 591">
    <p class='ocr_par' dir='ltr' id='par_1_67' title="bbox 1055 555 1848 591">
     <span class='ocr_line' id='line_1_67' title="bbox 1055 555 1848 591; baseline -0.001 -8"><span class='ocrx_word' id='word_1_464' title='bbox 1055 556 1103 583; x_wconf 75' lang='grc' dir='ltr'>τοῦ</span> <span class='ocrx_word' id='word_1_465' title='bbox 1115 556 1143 582; x_wconf 82' lang='grc' dir='ltr'>δὲ</span> <span class='ocrx_word' id='word_1_466' title='bbox 1157 556 1205 591; x_wconf 79' lang='grc' dir='ltr'>τῆς</span> <span class='ocrx_word' id='word_1_467' title='bbox 1223 556 1301 588; x_wconf 79' lang='grc' dir='ltr'>ἀξίας</span> <span class='ocrx_word' id='word_1_468' title='bbox 1313 556 1364 582; x_wconf 76' lang='grc' dir='ltr'>οὐκ</span> <span class='ocrx_word' id='word_1_469' title='bbox 1384 556 1554 590; x_wconf 70' lang='grc' dir='ltr'>ἐφικόμενος.</span> <span class='ocrx_word' id='word_1_470' title='bbox 1578 556 1677 582; x_wconf 75' lang='grc' dir='ltr'>Σκόπει</span> <span class='ocrx_word' id='word_1_471' title='bbox 1696 555 1752 591; x_wconf 82' lang='grc' dir='ltr'><strong>γὰρ</strong></span> <span class='ocrx_word' id='word_1_472' title='bbox 1767 555 1848 582; x_wconf 78' lang='grc' dir='ltr'>οὕτω.</span> 
     </span>
    </p>
   </div>
   <div class='ocr_carea' id='block_1_68' title="bbox 1056 600 1850 636">
    <p class='ocr_par' dir='ltr' id='par_1_68' title="bbox 1056 600 1850 636">
     <span class='ocr_line' id='line_1_68' title="bbox 1056 600 1850 636; baseline -0.003 -9"><span class='ocrx_word' id='word_1_473' title='bbox 1056 601 1108 627; x_wconf 88' lang='grc' dir='ltr'>Δύο</span> <span class='ocrx_word' id='word_1_474' title='bbox 1124 600 1228 632; x_wconf 81' lang='grc' dir='ltr'>τούτοις</span> <span class='ocrx_word' id='word_1_475' title='bbox 1245 601 1374 627; x_wconf 82' lang='grc' dir='ltr'>ἑκάστοτε</span> <span class='ocrx_word' id='word_1_476' title='bbox 1389 600 1493 635; x_wconf 74' lang='grc' dir='ltr'>μερίζω</span> <span class='ocrx_word' id='word_1_477' title='bbox 1507 601 1553 628; x_wconf 76' lang='grc' dir='ltr'><strong>τὸν</strong></span> <span class='ocrx_word' id='word_1_478' title='bbox 1567 600 1789 636; x_wconf 80' lang='grc' dir='ltr'>χρὺνον,παιδιᾷ.</span> <span class='ocrx_word' id='word_1_479' title='bbox 1804 601 1850 626; x_wconf 73' lang='grc' dir='ltr'>καὶ</span> 
     </span>
    </p>
   </div>
   <div class='ocr_carea' id='block_1_69' title="bbox 1057 644 1853 680">
    <p class='ocr_par' dir='ltr' id='par_1_69' title="bbox 1057 644 1853 680">
     <span class='ocr_line' id='line_1_69' title="bbox 1057 644 1853 680; baseline -0.003 -8"><span class='ocrx_word' id='word_1_480' title='bbox 1057 645 1172 680; x_wconf 77' lang='grc' dir='ltr'>σπουδῇ.</span> <span class='ocrx_word' id='word_1_481' title='bbox 1195 646 1250 671; x_wconf 80' lang='grc' dir='ltr'><strong>Καὶ</strong></span> <span class='ocrx_word' id='word_1_482' title='bbox 1268 645 1426 676; x_wconf 78' lang='grc' dir='ltr'><strong>σπουδάζων</strong></span> <span class='ocrx_word' id='word_1_483' title='bbox 1444 645 1508 676; x_wconf 71' lang='grc' dir='ltr'>ἴδιός</span> <span class='ocrx_word' id='word_1_484' title='bbox 1536 645 1603 680; x_wconf 75' lang='grc' dir='ltr'>ειμι,</span> <span class='ocrx_word' id='word_1_485' title='bbox 1620 644 1739 680; x_wconf 77' lang='grc' dir='ltr'>μάλιστά</span> <span class='ocrx_word' id='word_1_486' title='bbox 1763 652 1797 678; x_wconf 78' lang='grc' dir='ltr'><strong>γε</strong></span> <span class='ocrx_word' id='word_1_487' title='bbox 1818 645 1853 671; x_wconf 68' lang='grc' dir='ltr'>τὰ.</span> 
     </span>
    </p>
   </div>
   <div class='ocr_carea' id='block_1_70' title="bbox 1056 687 1852 725">
    <p class='ocr_par' dir='ltr' id='par_1_70' title="bbox 1056 687 1852 725">
     <span class='ocr_line' id='line_1_70' title="bbox 1056 687 1852 725; baseline -0.001 -8"><span class='ocrx_word' id='word_1_488' title='bbox 1056 691 1126 717; x_wconf 84' lang='grc' dir='ltr'>θεῖα.</span> <span class='ocrx_word' id='word_1_489' title='bbox 1143 692 1197 717; x_wconf 74' lang='grc' dir='ltr'><strong>Καὶ</strong></span> <span class='ocrx_word' id='word_1_490' title='bbox 1225 690 1339 722; x_wconf 78' lang='grc' dir='ltr'><strong>παίζων,</strong></span> <span class='ocrx_word' id='word_1_491' title='bbox 1368 690 1532 722; x_wconf 83' lang='grc' dir='ltr'>κοινότατος.</span> <span class='ocrx_word' id='word_1_492' title='bbox 1558 687 1643 717; x_wconf 77' lang='grc' dir='ltr'>Οἶσθα</span> <span class='ocrx_word' id='word_1_493' title='bbox 1659 690 1712 725; x_wconf 78' lang='grc' dir='ltr'><strong>γὰρ</strong></span> <span class='ocrx_word' id='word_1_494' title='bbox 1733 689 1771 721; x_wconf 82' lang='grc' dir='ltr'>ὤς</span> <span class='ocrx_word' id='word_1_495' title='bbox 1787 690 1852 716; x_wconf 83' lang='grc' dir='ltr'>ὅταν</span> 
     </span>
    </p>
   </div>
   <div class='ocr_carea' id='block_1_71' title="bbox 1055 736 1851 773">
    <p class='ocr_par' dir='ltr' id='par_1_71' title="bbox 1055 736 1851 773">
     <span class='ocr_line' id='line_1_71' title="bbox 1055 736 1851 773; baseline -0.003 -9"><span class='ocrx_word' id='word_1_496' title='bbox 1055 737 1186 772; x_wconf 75' lang='grc' dir='ltr'>ἀνακύψω</span> <span class='ocrx_word' id='word_1_497' title='bbox 1199 737 1252 764; x_wconf 85' lang='grc' dir='ltr'>τῶν</span> <span class='ocrx_word' id='word_1_498' title='bbox 1264 737 1387 771; x_wconf 75' lang='grc' dir='ltr'>βιϐλίων,</span> <span class='ocrx_word' id='word_1_499' title='bbox 1405 737 1557 773; x_wconf 78' lang='grc' dir='ltr'>ἐπιρῤεπής</span> <span class='ocrx_word' id='word_1_500' title='bbox 1578 737 1636 772; x_wconf 85' lang='grc' dir='ltr'>είμι</span> <span class='ocrx_word' id='word_1_501' title='bbox 1655 736 1722 771; x_wconf 71' lang='grc' dir='ltr'>πρὸς</span> <span class='ocrx_word' id='word_1_502' title='bbox 1740 736 1851 763; x_wconf 72' lang='grc' dir='ltr'>ἃπασαν</span> 
     </span>
    </p>
   </div>
   <div class='ocr_carea' id='block_1_72' title="bbox 1057 781 1851 817">
    <p class='ocr_par' dir='ltr' id='par_1_72' title="bbox 1057 781 1851 817">
     <span class='ocr_line' id='line_1_72' title="bbox 1057 781 1851 817; baseline -0.004 -7"><span class='ocrx_word' id='word_1_503' title='bbox 1057 783 1176 810; x_wconf 74' lang='grc' dir='ltr'>παιδιάν.</span> <span class='ocrx_word' id='word_1_504' title='bbox 1197 782 1342 817; x_wconf 80' lang='grc' dir='ltr'>Πολιτικῆς</span> <span class='ocrx_word' id='word_1_505' title='bbox 1364 782 1393 808; x_wconf 80' lang='grc' dir='ltr'>δὲ</span> <span class='ocrx_word' id='word_1_506' title='bbox 1410 782 1550 817; x_wconf 74' lang='grc' dir='ltr'>φροντίδος</span> <span class='ocrx_word' id='word_1_507' title='bbox 1566 781 1674 817; x_wconf 76' lang='grc' dir='ltr'>ἀμοιρῶ</span> <span class='ocrx_word' id='word_1_508' title='bbox 1691 781 1738 809; x_wconf 67' lang='grc' dir='ltr'>καὶ</span> <span class='ocrx_word' id='word_1_509' title='bbox 1757 781 1851 816; x_wconf 71' lang='grc' dir='ltr'>φύσει,</span> 
     </span>
    </p>
   </div>
   <div class='ocr_carea' id='block_1_73' title="bbox 1056 827 1854 864">
    <p class='ocr_par' dir='ltr' id='par_1_73' title="bbox 1056 827 1854 864">
     <span class='ocr_line' id='line_1_73' title="bbox 1056 827 1854 864; baseline -0.003 -9"><span class='ocrx_word' id='word_1_510' title='bbox 1056 830 1104 855; x_wconf 73' lang='grc' dir='ltr'>καὶ</span> <span class='ocrx_word' id='word_1_511' title='bbox 1119 828 1228 864; x_wconf 72' lang='grc' dir='ltr'>μελέτῃ.</span> <span class='ocrx_word' id='word_1_512' title='bbox 1247 829 1299 855; x_wconf 87' lang='grc' dir='ltr'><strong>Τὸν</strong></span> <span class='ocrx_word' id='word_1_513' title='bbox 1316 828 1346 854; x_wconf 72' lang='grc' dir='ltr'>δὲ</span> <span class='ocrx_word' id='word_1_514' title='bbox 1366 828 1451 863; x_wconf 77' lang='grc' dir='ltr'>ἱερέα,</span> <span class='ocrx_word' id='word_1_515' title='bbox 1471 828 1554 863; x_wconf 80' lang='grc' dir='ltr'>ἄνδρα</span> <span class='ocrx_word' id='word_1_516' title='bbox 1575 827 1615 854; x_wconf 84' lang='grc' dir='ltr'><strong>δεῖ</strong></span> <span class='ocrx_word' id='word_1_517' title='bbox 1631 828 1687 863; x_wconf 65' lang='grc'><strong>(56)</strong></span> <span class='ocrx_word' id='word_1_518' title='bbox 1706 827 1854 854; x_wconf 79' lang='grc' dir='ltr'>θεσπέσιον</span> 
     </span>
    </p>
   </div>
   <div class='ocr_carea' id='block_1_74' title="bbox 1056 873 1854 912">
    <p class='ocr_par' dir='ltr' id='par_1_74' title="bbox 1056 873 1854 912">
     <span class='ocr_line' id='line_1_74' title="bbox 1056 873 1854 912; baseline -0.001 -11"><span class='ocrx_word' id='word_1_519' title='bbox 1056 873 1135 906; x_wconf 81' lang='grc' dir='ltr'>εἶναι,</span> <span class='ocrx_word' id='word_1_520' title='bbox 1153 875 1182 901; x_wconf 86' lang='grc' dir='ltr'>ὅν</span> <span class='ocrx_word' id='word_1_521' title='bbox 1190 883 1221 909; x_wconf 89' lang='grc' dir='ltr'><strong>γε</strong></span> <span class='ocrx_word' id='word_1_522' title='bbox 1237 875 1306 912; x_wconf 67' lang='grc' dir='ltr'>πρὸς</span> <span class='ocrx_word' id='word_1_523' title='bbox 1319 875 1368 910; x_wconf 81' lang='grc' dir='ltr'>μὲν</span> <span class='ocrx_word' id='word_1_524' title='bbox 1391 874 1500 901; x_wconf 80' lang='grc' dir='ltr'>παιδιὰν</span> <span class='ocrx_word' id='word_1_525' title='bbox 1515 874 1632 907; x_wconf 73' lang='grc' dir='ltr'>ἅπασαν,</span> <span class='ocrx_word' id='word_1_526' title='bbox 1650 874 1695 900; x_wconf 79' lang='grc' dir='ltr'>ἶσα</span> <span class='ocrx_word' id='word_1_527' title='bbox 1708 874 1757 901; x_wconf 71' lang='grc' dir='ltr'>καὶ</span> <span class='ocrx_word' id='word_1_528' title='bbox 1779 873 1854 909; x_wconf 77' lang='grc' dir='ltr'>Θεῷ,</span> 
     </span>
    </p>
   </div>
   <div class='ocr_carea' id='block_1_75' title="bbox 1056 919 1854 956">
    <p class='ocr_par' dir='ltr' id='par_1_75' title="bbox 1056 919 1854 956">
     <span class='ocr_line' id='line_1_75' title="bbox 1056 919 1854 956; baseline -0.001 -9"><span class='ocrx_word' id='word_1_529' title='bbox 1056 921 1214 955; x_wconf 80' lang='grc' dir='ltr'>ἀμείλικτον</span> <span class='ocrx_word' id='word_1_530' title='bbox 1227 919 1297 947; x_wconf 82' lang='grc' dir='ltr'>εἶναι</span> <span class='ocrx_word' id='word_1_531' title='bbox 1311 921 1363 956; x_wconf 81' lang='grc' dir='ltr'><strong>χρή</strong></span> <span class='ocrx_word' id='word_1_532' title='bbox 1377 928 1384 935; x_wconf 90' lang='grc'>·</span> <span class='ocrx_word' id='word_1_533' title='bbox 1395 920 1424 952; x_wconf 84' lang='grc' dir='ltr'>ὃς</span> <span class='ocrx_word' id='word_1_534' title='bbox 1437 921 1480 947; x_wconf 73' lang='grc' dir='ltr'>ἵνα</span> <span class='ocrx_word' id='word_1_535' title='bbox 1491 922 1562 956; x_wconf 80' lang='grc' dir='ltr'>τηρῇ</span> <span class='ocrx_word' id='word_1_536' title='bbox 1577 921 1627 955; x_wconf 73' lang='grc' dir='ltr'>τὴν</span> <span class='ocrx_word' id='word_1_537' title='bbox 1642 919 1783 950; x_wconf 75' lang='grc' dir='ltr'>ὑπόθεσιν.</span> <span class='ocrx_word' id='word_1_538' title='bbox 1798 919 1854 946; x_wconf 82' lang='grc' dir='ltr'><strong>ὑπὸ</strong></span> 
     </span>
    </p>
   </div>
   <div class='ocr_carea' id='block_1_76' title="bbox 1057 963 1908 1002">
    <p class='ocr_par' dir='ltr' id='par_1_76' title="bbox 1057 963 1908 1002">
     <span class='ocr_line' id='line_1_76' title="bbox 1057 963 1908 1002; baseline 0.001 -11"><span class='ocrx_word' id='word_1_539' title='bbox 1057 966 1162 1001; x_wconf 77' lang='grc' dir='ltr'>μυρίων</span> <span class='ocrx_word' id='word_1_540' title='bbox 1191 966 1322 1001; x_wconf 85' lang='grc' dir='ltr'>ὀμμάτων</span> <span class='ocrx_word' id='word_1_541' title='bbox 1352 967 1530 1002; x_wconf 83' lang='grc' dir='ltr'>φρουρεῖται·</span> <span class='ocrx_word' id='word_1_542' title='bbox 1557 963 1594 993; x_wconf 80' lang='grc' dir='ltr'>ὧν</span> <span class='ocrx_word' id='word_1_543' title='bbox 1611 966 1686 993; x_wconf 81' lang='grc' dir='ltr'>οὐδὲν</span> <span class='ocrx_word' id='word_1_544' title='bbox 1710 966 1728 1001; x_wconf 86' lang='grc' dir='ltr'>ἣ</span> <span class='ocrx_word' id='word_1_545' title='bbox 1752 966 1853 1002; x_wconf 66' lang='grc' dir='ltr'>μικρὸν</span> <span class='ocrx_word' id='word_1_546' title='bbox 1907 967 1908 973; x_wconf 71' lang='lat'>‘</span> 
     </span>
    </p>
   </div>
   <div class='ocr_carea' id='block_1_77' title="bbox 1056 1010 1849 1046">
    <p class='ocr_par' dir='ltr' id='par_1_77' title="bbox 1056 1010 1849 1046">
     <span class='ocr_line' id='line_1_77' title="bbox 1056 1010 1849 1046; baseline 0.003 -10"><span class='ocrx_word' id='word_1_547' title='bbox 1056 1010 1162 1044; x_wconf 70' lang='grc' dir='ltr'>ὖιρελος,</span> <span class='ocrx_word' id='word_1_548' title='bbox 1180 1012 1204 1037; x_wconf 79' lang='grc' dir='ltr'><strong>εί</strong></span> <span class='ocrx_word' id='word_1_549' title='bbox 1225 1011 1261 1046; x_wconf 87' lang='grc' dir='ltr'>μή</span> <span class='ocrx_word' id='word_1_550' title='bbox 1279 1020 1321 1042; x_wconf 91' lang='grc' dir='ltr'><strong>τις</strong></span> <span class='ocrx_word' id='word_1_551' title='bbox 1345 1011 1388 1046; x_wconf 73' lang='grc' dir='ltr'><strong>εἴη</strong></span> <span class='ocrx_word' id='word_1_552' title='bbox 1408 1011 1659 1046; x_wconf 80' lang='grc' dir='ltr'>κατεσκευασμένος</span> <span class='ocrx_word' id='word_1_553' title='bbox 1678 1010 1796 1042; x_wconf 76' lang='grc' dir='ltr'>σύννους</span> <span class='ocrx_word' id='word_1_554' title='bbox 1819 1020 1849 1038; x_wconf 88' lang='grc' dir='ltr'><strong>τε</strong></span> 
     </span>
    </p>
   </div>
   <div class='ocr_carea' id='block_1_78' title="bbox 1056 1055 1851 1091">
    <p class='ocr_par' dir='ltr' id='par_1_78' title="bbox 1056 1055 1851 1091">
     <span class='ocr_line' id='line_1_78' title="bbox 1056 1055 1851 1091; baseline 0.001 -10"><span class='ocrx_word' id='word_1_555' title='bbox 1056 1055 1103 1081; x_wconf 70' lang='grc' dir='ltr'>καὶ</span> <span class='ocrx_word' id='word_1_556' title='bbox 1122 1055 1190 1090; x_wconf 73' lang='grc' dir='ltr'>πρὸς</span> <span class='ocrx_word' id='word_1_557' title='bbox 1202 1055 1310 1082; x_wconf 81' lang='grc' dir='ltr'>ἃπασαν</span> <span class='ocrx_word' id='word_1_558' title='bbox 1332 1055 1520 1091; x_wconf 82' lang='grc' dir='ltr'>γλυκυθυμίαν</span> <span class='ocrx_word' id='word_1_559' title='bbox 1544 1055 1693 1086; x_wconf 81' lang='grc' dir='ltr'>ἀνένδοτος.</span> <span class='ocrx_word' id='word_1_560' title='bbox 1715 1055 1759 1081; x_wconf 73' lang='grc' dir='ltr'><strong>Τὰ</strong></span> <span class='ocrx_word' id='word_1_561' title='bbox 1777 1055 1808 1082; x_wconf 81' lang='grc' dir='ltr'>δέ</span> <span class='ocrx_word' id='word_1_562' title='bbox 1818 1064 1851 1089; x_wconf 82' lang='grc' dir='ltr'><strong>γε</strong></span> 
     </span>
    </p>
   </div>
   <div class='ocr_carea' id='block_1_79' title="bbox 1056 1101 1851 1137">
    <p class='ocr_par' dir='ltr' id='par_1_79' title="bbox 1056 1101 1851 1137">
     <span class='ocr_line' id='line_1_79' title="bbox 1056 1101 1851 1137; baseline 0.001 -10"><span class='ocrx_word' id='word_1_563' title='bbox 1056 1101 1124 1137; x_wconf 76' lang='grc' dir='ltr'>πρὸς</span> <span class='ocrx_word' id='word_1_564' title='bbox 1146 1101 1191 1128; x_wconf 80' lang='grc' dir='ltr'>τὸν</span> <span class='ocrx_word' id='word_1_565' title='bbox 1216 1101 1292 1133; x_wconf 73' lang='grc' dir='ltr'>Θεὸν,</span> <span class='ocrx_word' id='word_1_566' title='bbox 1320 1101 1370 1128; x_wconf 72' lang='grc' dir='ltr'>οὐκ</span> <span class='ocrx_word' id='word_1_567' title='bbox 1386 1101 1418 1128; x_wconf 84' lang='grc' dir='ltr'>ἂν</span> <span class='ocrx_word' id='word_1_568' title='bbox 1438 1101 1513 1133; x_wconf 83' lang='grc' dir='ltr'>ῐδιος,</span> <span class='ocrx_word' id='word_1_569' title='bbox 1529 1101 1598 1128; x_wconf 79' lang='grc' dir='ltr'>ἀλλὰ</span> <span class='ocrx_word' id='word_1_570' title='bbox 1619 1101 1776 1133; x_wconf 76' lang='grc' dir='ltr'>κοινότατος</span> <span class='ocrx_word' id='word_1_571' title='bbox 1795 1102 1851 1135; x_wconf 74' lang='grc' dir='ltr'>εἴη,</span> 
     </span>
    </p>
   </div>
   <div class='ocr_carea' id='block_1_80' title="bbox 1056 1146 1849 1182">
    <p class='ocr_par' dir='ltr' id='par_1_80' title="bbox 1056 1146 1849 1182">
     <span class='ocr_line' id='line_1_80' title="bbox 1056 1146 1849 1182; baseline 0.001 -9"><span class='ocrx_word' id='word_1_572' title='bbox 1056 1146 1282 1182; x_wconf 76' lang='grc' dir='ltr'>νομοδιδάσκαλος</span> <span class='ocrx_word' id='word_1_573' title='bbox 1306 1147 1354 1179; x_wconf 80' lang='grc' dir='ltr'>ὢν,</span> <span class='ocrx_word' id='word_1_574' title='bbox 1369 1147 1417 1174; x_wconf 80' lang='grc' dir='ltr'>καὶ</span> <span class='ocrx_word' id='word_1_575' title='bbox 1440 1147 1622 1182; x_wconf 84' lang='grc' dir='ltr'>νενομισμένα</span> <span class='ocrx_word' id='word_1_576' title='bbox 1650 1146 1849 1182; x_wconf 75' lang='grc' dir='ltr'>φθεγγόμενος.</span> 
     </span>
    </p>
   </div>
   <div class='ocr_carea' id='block_1_81' title="bbox 1056 1192 1849 1228">
    <p class='ocr_par' dir='ltr' id='par_1_81' title="bbox 1056 1192 1849 1228">
     <span class='ocr_line' id='line_1_81' title="bbox 1056 1192 1849 1228; baseline 0 -10"><span class='ocrx_word' id='word_1_577' title='bbox 1056 1192 1117 1227; x_wconf 80' lang='grc' dir='ltr'><strong>Χρὴ</strong></span> <span class='ocrx_word' id='word_1_578' title='bbox 1132 1192 1159 1219; x_wconf 81' lang='grc' dir='ltr'>δὲ</span> <span class='ocrx_word' id='word_1_579' title='bbox 1171 1192 1252 1218; x_wconf 75' lang='grc' dir='ltr'>αὑτὸν</span> <span class='ocrx_word' id='word_1_580' title='bbox 1279 1192 1325 1218; x_wconf 76' lang='grc' dir='ltr'>καὶ</span> <span class='ocrx_word' id='word_1_581' title='bbox 1342 1192 1492 1228; x_wconf 86' lang='grc' dir='ltr'>πράγματα</span> <span class='ocrx_word' id='word_1_582' title='bbox 1508 1192 1649 1228; x_wconf 80' lang='grc' dir='ltr'>πράττειν,</span> <span class='ocrx_word' id='word_1_583' title='bbox 1668 1192 1720 1219; x_wconf 78' lang='grc' dir='ltr'>ὅσα.</span> <span class='ocrx_word' id='word_1_584' title='bbox 1746 1193 1849 1223; x_wconf 75' lang='grc' dir='ltr'>πάντες</span> 
     </span>
    </p>
   </div>
   <div class='ocr_carea' id='block_1_82' title="bbox 1057 1237 1908 1274">
    <p class='ocr_par' dir='ltr' id='par_1_82' title="bbox 1057 1237 1908 1274">
     <span class='ocr_line' id='line_1_82' title="bbox 1057 1237 1908 1274; baseline 0 -10"><span class='ocrx_word' id='word_1_585' title='bbox 1057 1239 1126 1273; x_wconf 71' lang='grc' dir='ltr'>ἅμα.</span> <span class='ocrx_word' id='word_1_586' title='bbox 1147 1238 1188 1264; x_wconf 76' lang='grc' dir='ltr'><strong>Τὰ</strong></span> <span class='ocrx_word' id='word_1_587' title='bbox 1201 1239 1256 1274; x_wconf 80' lang='grc' dir='ltr'><strong>γὰρ</strong></span> <span class='ocrx_word' id='word_1_588' title='bbox 1271 1238 1398 1265; x_wconf 82' lang='grc' dir='ltr'>ἁπάντων</span> <span class='ocrx_word' id='word_1_589' title='bbox 1411 1238 1490 1274; x_wconf 85' lang='grc' dir='ltr'>μόνον</span> <span class='ocrx_word' id='word_1_590' title='bbox 1505 1239 1546 1265; x_wconf 86' lang='grc' dir='ltr'><strong>δεῖ</strong></span> <span class='ocrx_word' id='word_1_591' title='bbox 1556 1239 1697 1274; x_wconf 83' lang='grc' dir='ltr'>πράττειν,</span> <span class='ocrx_word' id='word_1_592' title='bbox 1711 1237 1729 1273; x_wconf 78' lang='grc' dir='ltr'>ἢ</span> <span class='ocrx_word' id='word_1_593' title='bbox 1747 1238 1851 1270; x_wconf 80' lang='grc' dir='ltr'>πάσαις</span> <span class='ocrx_word' id='word_1_594' title='bbox 1904 1269 1908 1273; x_wconf 35' lang='grc' dir='ltr'><strong>ε</strong></span> 
     </span>
    </p>
   </div>
   <div class='ocr_carea' id='block_1_83' title="bbox 1057 1282 1850 1319">
    <p class='ocr_par' dir='ltr' id='par_1_83' title="bbox 1057 1282 1850 1319">
     <span class='ocr_line' id='line_1_83' title="bbox 1057 1282 1850 1319; baseline 0 -9"><span class='ocrx_word' id='word_1_595' title='bbox 1057 1284 1157 1316; x_wconf 73' lang='grc' dir='ltr'>αἰτίαις</span> <span class='ocrx_word' id='word_1_596' title='bbox 1170 1284 1318 1319; x_wconf 78' lang='grc' dir='ltr'>ἐνέχεσθαι.</span> <span class='ocrx_word' id='word_1_597' title='bbox 1336 1284 1397 1316; x_wconf 85' lang='grc' dir='ltr'><strong>Πῶς</strong></span> <span class='ocrx_word' id='word_1_598' title='bbox 1409 1282 1455 1311; x_wconf 81' lang='grc' dir='ltr'>οὖν</span> <span class='ocrx_word' id='word_1_599' title='bbox 1465 1284 1515 1311; x_wconf 78' lang='grc' dir='ltr'>οὒκ</span> <span class='ocrx_word' id='word_1_600' title='bbox 1525 1284 1568 1319; x_wconf 76' lang='grc' dir='ltr'><strong>εἴη</strong></span> <span class='ocrx_word' id='word_1_601' title='bbox 1581 1283 1747 1319; x_wconf 75' lang='grc' dir='ltr'>εὐμεγέθους</span> 
     </span>
    </p>
   </div>
   <div class='ocr_carea' id='block_1_84' title="bbox 1057 1327 1849 1364">
    <p class='ocr_par' dir='ltr' id='par_1_84' title="bbox 1057 1327 1849 1364">
     <span class='ocr_line' id='line_1_84' title="bbox 1057 1327 1849 1364; baseline -0.001 -9"><span class='ocrx_word' id='word_1_602' title='bbox 1057 1329 1104 1355; x_wconf 75' lang='grc' dir='ltr'>καὶ</span> <span class='ocrx_word' id='word_1_603' title='bbox 1119 1328 1281 1364; x_wconf 84' lang='grc' dir='ltr'>κρατίστης,</span> <span class='ocrx_word' id='word_1_604' title='bbox 1306 1328 1416 1362; x_wconf 76' lang='grc' dir='ltr'>ἐνέγκαι</span> <span class='ocrx_word' id='word_1_605' title='bbox 1440 1328 1568 1355; x_wconf 76' lang='grc' dir='ltr'>τοσοῦτον</span> <span class='ocrx_word' id='word_1_606' title='bbox 1589 1328 1671 1362; x_wconf 83' lang='grc' dir='ltr'>δγκον</span> <span class='ocrx_word' id='word_1_607' title='bbox 1684 1327 1849 1363; x_wconf 76' lang='grc' dir='ltr'>φροντίδων,</span> 
     </span>
    </p>
   </div>
   <div class='ocr_carea' id='block_1_85' title="bbox 1057 1372 1851 1409">
    <p class='ocr_par' dir='ltr' id='par_1_85' title="bbox 1057 1372 1851 1409">
     <span class='ocr_line' id='line_1_85' title="bbox 1057 1372 1851 1409; baseline -0.001 -9"><span class='ocrx_word' id='word_1_608' title='bbox 1057 1374 1105 1400; x_wconf 80' lang='grc' dir='ltr'>καὶ</span> <span class='ocrx_word' id='word_1_609' title='bbox 1120 1374 1157 1409; x_wconf 81' lang='grc' dir='ltr'>μὴ</span> <span class='ocrx_word' id='word_1_610' title='bbox 1171 1373 1340 1401; x_wconf 80' lang='grc' dir='ltr'>κατακλύσαι</span> <span class='ocrx_word' id='word_1_611' title='bbox 1355 1374 1400 1400; x_wconf 73' lang='grc' dir='ltr'><strong>τὸν</strong></span> <span class='ocrx_word' id='word_1_612' title='bbox 1414 1372 1486 1406; x_wconf 83' lang='grc' dir='ltr'>νοῦν,</span> <span class='ocrx_word' id='word_1_613' title='bbox 1504 1373 1551 1400; x_wconf 62' lang='grc' dir='ltr'><strong>καὶ¹</strong></span> <span class='ocrx_word' id='word_1_614' title='bbox 1566 1373 1608 1409; x_wconf 69' lang='grc' dir='ltr'>μὴ</span> <span class='ocrx_word' id='word_1_615' title='bbox 1616 1372 1851 1400; x_wconf 76' lang='grc' dir='ltr'>κατασδεσθσῗσαν</span> 
     </span>
    </p>
   </div>
   <div class='ocr_carea' id='block_1_86' title="bbox 1057 1419 1855 1456">
    <p class='ocr_par' dir='ltr' id='par_1_86' title="bbox 1057 1419 1855 1456">
     <span class='ocr_line' id='line_1_86' title="bbox 1057 1419 1855 1456; baseline -0.001 -9"><span class='ocrx_word' id='word_1_616' title='bbox 1057 1421 1087 1447; x_wconf 81' lang='grc' dir='ltr'><strong>ἐν</strong></span> <span class='ocrx_word' id='word_1_617' title='bbox 1105 1420 1140 1456; x_wconf 79' lang='grc' dir='ltr'><strong>τῇ</strong></span> <span class='ocrx_word' id='word_1_618' title='bbox 1157 1420 1231 1455; x_wconf 71' lang='grc' dir='ltr'>ψυχῇ</span> <span class='ocrx_word' id='word_1_619' title='bbox 1255 1420 1386 1455; x_wconf 82' lang='grc' dir='ltr'>περιϊδεῖν</span> <span class='ocrx_word' id='word_1_620' title='bbox 1408 1420 1458 1456; x_wconf 84' lang='grc' dir='ltr'>τὴν</span> <span class='ocrx_word' id='word_1_621' title='bbox 1488 1420 1585 1456; x_wconf 81' lang='grc' dir='ltr'>μοῖραν</span> <span class='ocrx_word' id='word_1_622' title='bbox 1600 1419 1650 1456; x_wconf 79' lang='grc' dir='ltr'>τὴν</span> <span class='ocrx_word' id='word_1_623' title='bbox 1669 1419 1757 1453; x_wconf 83' lang='grc' dir='ltr'>θείαν,</span> <span class='ocrx_word' id='word_1_624' title='bbox 1777 1419 1855 1446; x_wconf 67' lang='grc' dir='ltr'>οὓτω</span> 
     </span>
    </p>
   </div>
   <div class='ocr_carea' id='block_1_87' title="bbox 1058 1464 1852 1501">
    <p class='ocr_par' dir='ltr' id='par_1_87' title="bbox 1058 1464 1852 1501">
     <span class='ocr_line' id='line_1_87' title="bbox 1058 1464 1852 1501; baseline 0 -10"><span class='ocrx_word' id='word_1_625' title='bbox 1058 1465 1236 1492; x_wconf 82' lang='grc' dir='ltr'>παντοδαπῶν</span> <span class='ocrx_word' id='word_1_626' title='bbox 1251 1465 1475 1500; x_wconf 77' lang='grc' dir='ltr'>ἐπιτηδευμάτων</span> <span class='ocrx_word' id='word_1_627' title='bbox 1497 1465 1695 1500; x_wconf 79' lang='grc' dir='ltr'>ἀπαγαγόντων</span> <span class='ocrx_word' id='word_1_628' title='bbox 1801 1466 1852 1492; x_wconf 78' lang='grc' dir='ltr'>ἀπ-</span> 
     </span>
    </p>
   </div>
   <div class='ocr_carea' id='block_1_88' title="bbox 1058 1510 1853 1549">
    <p class='ocr_par' dir='ltr' id='par_1_88' title="bbox 1058 1510 1853 1549">
     <span class='ocr_line' id='line_1_88' title="bbox 1058 1510 1853 1549; baseline 0 -11"><span class='ocrx_word' id='word_1_629' title='bbox 1058 1510 1191 1546; x_wconf 85' lang='grc' dir='ltr'>αγόντων]</span> <span class='ocrx_word' id='word_1_630' title='bbox 1207 1511 1287 1538; x_wconf 80' lang='grc' dir='ltr'>αὐτόν</span> <span class='ocrx_word' id='word_1_631' title='bbox 1300 1520 1307 1544; x_wconf 86' lang='grc'>;</span> <span class='ocrx_word' id='word_1_632' title='bbox 1332 1510 1369 1538; x_wconf 78' lang='grc' dir='ltr'><strong>Εὖ</strong></span> <span class='ocrx_word' id='word_1_633' title='bbox 1393 1510 1455 1549; x_wconf 80' lang='grc' dir='ltr'>οῖδα</span> <span class='ocrx_word' id='word_1_634' title='bbox 1470 1512 1511 1538; x_wconf 76' lang='grc' dir='ltr'>ὅτι</span> <span class='ocrx_word' id='word_1_635' title='bbox 1525 1510 1636 1538; x_wconf 83' lang='grc' dir='ltr'>δυνατόν</span> <span class='ocrx_word' id='word_1_636' title='bbox 1650 1511 1732 1544; x_wconf 81' lang='grc' dir='ltr'>ἐνίοις</span> <span class='ocrx_word' id='word_1_637' title='bbox 1751 1511 1834 1538; x_wconf 76' lang='grc' dir='ltr'>τοῦτο</span> <span class='ocrx_word' id='word_1_638' title='bbox 1843 1521 1853 1528; x_wconf 71' lang='grc' dir='ltr'><strong>ν</strong></span> 
     </span>
    </p>
   </div>
   <div class='ocr_carea' id='block_1_89' title="bbox 1058 1554 1852 1591">
    <p class='ocr_par' dir='ltr' id='par_1_89' title="bbox 1058 1554 1852 1591">
     <span class='ocr_line' id='line_1_89' title="bbox 1058 1554 1852 1591; baseline 0.001 -10"><span class='ocrx_word' id='word_1_639' title='bbox 1058 1556 1105 1582; x_wconf 71' lang='grc' dir='ltr'>καὶ</span> <span class='ocrx_word' id='word_1_640' title='bbox 1116 1555 1262 1591; x_wconf 70' lang='grc' dir='ltr'>μακαρίζω</span> <span class='ocrx_word' id='word_1_641' title='bbox 1276 1555 1325 1587; x_wconf 78' lang='grc' dir='ltr'>τὰς</span> <span class='ocrx_word' id='word_1_642' title='bbox 1341 1554 1437 1590; x_wconf 76' lang='grc' dir='ltr'>φύσεις</span> <span class='ocrx_word' id='word_1_643' title='bbox 1450 1554 1539 1582; x_wconf 81' lang='grc' dir='ltr'>αὐτῶν</span> <span class='ocrx_word' id='word_1_644' title='bbox 1548 1575 1556 1588; x_wconf 84' lang='grc'><strong>,</strong></span> <span class='ocrx_word' id='word_1_645' title='bbox 1581 1555 1725 1587; x_wconf 77' lang='grc' dir='ltr'>κάκείνους</span> <span class='ocrx_word' id='word_1_646' title='bbox 1739 1554 1852 1591; x_wconf 82' lang='grc' dir='ltr'>ἀληθῶς</span> 
     </span>
    </p>
   </div>
   <div class='ocr_carea' id='block_1_90' title="bbox 1056 1597 1857 1635">
    <p class='ocr_par' dir='ltr' id='par_1_90' title="bbox 1056 1597 1857 1635">
     <span class='ocr_line' id='line_1_90' title="bbox 1056 1597 1857 1635; baseline 0 -9"><span class='ocrx_word' id='word_1_647' title='bbox 1056 1597 1125 1626; x_wconf 76' lang='grc' dir='ltr'>εἶναι</span> <span class='ocrx_word' id='word_1_648' title='bbox 1151 1600 1271 1635; x_wconf 77' lang='grc' dir='ltr'>ἠγοῦμαι</span> <span class='ocrx_word' id='word_1_649' title='bbox 1298 1601 1363 1631; x_wconf 80' lang='grc' dir='ltr'>τοὺς</span> <span class='ocrx_word' id='word_1_650' title='bbox 1385 1600 1474 1631; x_wconf 78' lang='grc' dir='ltr'>θείους</span> <span class='ocrx_word' id='word_1_651' title='bbox 1499 1600 1619 1634; x_wconf 75' lang='grc' dir='ltr'>ἄνδρας·</span> <span class='ocrx_word' id='word_1_652' title='bbox 1639 1599 1727 1631; x_wconf 74' lang='grc' dir='ltr'>οὒςτδ</span> <span class='ocrx_word' id='word_1_653' title='bbox 1743 1599 1857 1635; x_wconf 78' lang='grc' dir='ltr'>ὁμιλεῖν</span> 
     </span>
    </p>
   </div>
   <div class='ocr_carea' id='block_1_91' title="bbox 1056 1644 1852 1682">
    <p class='ocr_par' dir='ltr' id='par_1_91' title="bbox 1056 1644 1852 1682">
     <span class='ocr_line' id='line_1_91' title="bbox 1056 1644 1852 1682; baseline 0.003 -11"><span class='ocrx_word' id='word_1_654' title='bbox 1056 1645 1127 1672; x_wconf 85' lang='grc' dir='ltr'>πάνυ</span> <span class='ocrx_word' id='word_1_655' title='bbox 1137 1646 1297 1682; x_wconf 84' lang='grc' dir='ltr'>πράγμασιν</span> <span class='ocrx_word' id='word_1_656' title='bbox 1305 1645 1485 1681; x_wconf 85' lang='grc' dir='ltr'>ἀνθρωπίνοις</span> <span class='ocrx_word' id='word_1_657' title='bbox 1497 1644 1694 1681; x_wconf 69' lang='grc' dir='ltr'>μὴσάποκόπ-ιει</span> <span class='ocrx_word' id='word_1_658' title='bbox 1702 1645 1751 1672; x_wconf 77' lang='grc' dir='ltr'><strong>τοῦ</strong></span> <span class='ocrx_word' id='word_1_659' title='bbox 1762 1646 1852 1673; x_wconf 76' lang='grc' dir='ltr'>θείου.</span> 
     </span>
    </p>
   </div>
   <div class='ocr_carea' id='block_1_92' title="bbox 1062 1687 1857 1727">
    <p class='ocr_par' dir='ltr' id='par_1_92' title="bbox 1062 1687 1857 1727">
     <span class='ocr_line' id='line_1_92' title="bbox 1062 1687 1857 1727; baseline 0 -9"><span class='ocrx_word' id='word_1_660' title='bbox 1062 1692 1142 1719; x_wconf 78' lang='grc' dir='ltr'>Ἀλλὰ</span> <span class='ocrx_word' id='word_1_661' title='bbox 1166 1693 1213 1719; x_wconf 73' lang='grc' dir='ltr'><strong>καὶ</strong></span> <span class='ocrx_word' id='word_1_662' title='bbox 1240 1691 1322 1718; x_wconf 77' lang='grc' dir='ltr'>αὑτὸν</span> <span class='ocrx_word' id='word_1_663' title='bbox 1352 1691 1410 1727; x_wconf 74' lang='grc' dir='ltr'>[γρ.</span> <span class='ocrx_word' id='word_1_664' title='bbox 1439 1691 1568 1727; x_wconf 82' lang='grc' dir='ltr'>ἐμαυτὸν]</span> <span class='ocrx_word' id='word_1_665' title='bbox 1594 1689 1653 1718; x_wconf 74' lang='grc' dir='ltr'>οἶδα</span> <span class='ocrx_word' id='word_1_666' title='bbox 1675 1687 1716 1723; x_wconf 81' lang='grc' dir='ltr'><strong>είς</strong></span> <span class='ocrx_word' id='word_1_667' title='bbox 1735 1691 1807 1719; x_wconf 77' lang='grc' dir='ltr'>ἄστυ</span> <span class='ocrx_word' id='word_1_668' title='bbox 1823 1700 1857 1718; x_wconf 84' lang='grc' dir='ltr'><strong>τε</strong></span> 
     </span>
    </p>
   </div>
   <div class='ocr_carea' id='block_1_93' title="bbox 1056 1737 1861 1772">
    <p class='ocr_par' dir='ltr' id='par_1_93' title="bbox 1056 1737 1861 1772">
     <span class='ocr_line' id='line_1_93' title="bbox 1056 1737 1861 1772; baseline -0.002 -7"><span class='ocrx_word' id='word_1_669' title='bbox 1056 1738 1194 1767; x_wconf 79' lang='grc' dir='ltr'>κατιόντα.</span> <span class='ocrx_word' id='word_1_670' title='bbox 1212 1739 1259 1765; x_wconf 77' lang='grc' dir='ltr'>καὶ</span> <span class='ocrx_word' id='word_1_671' title='bbox 1279 1738 1326 1764; x_wconf 79' lang='grc' dir='ltr'>ἀπ’</span> <span class='ocrx_word' id='word_1_672' title='bbox 1343 1738 1439 1769; x_wconf 78' lang='grc' dir='ltr'>ἄστεος</span> <span class='ocrx_word' id='word_1_673' title='bbox 1456 1737 1581 1768; x_wconf 78' lang='grc' dir='ltr'>ἀνιόντα,</span> <span class='ocrx_word' id='word_1_674' title='bbox 1597 1737 1644 1763; x_wconf 77' lang='grc' dir='ltr'>καὶ</span> <span class='ocrx_word' id='word_1_675' title='bbox 1658 1737 1861 1772; x_wconf 63' lang='grc' dir='ltr'>ἐνειλούμενον</span> 
     </span>
    </p>
   </div>
   <div class='ocr_carea' id='block_1_94' title="bbox 1055 1782 1853 1819">
    <p class='ocr_par' dir='ltr' id='par_1_94' title="bbox 1055 1782 1853 1819">
     <span class='ocr_line' id='line_1_94' title="bbox 1055 1782 1853 1819; baseline 0 -9"><span class='ocrx_word' id='word_1_676' title='bbox 1055 1786 1111 1816; x_wconf 76' lang='grc' dir='ltr'>τοῖς</span> <span class='ocrx_word' id='word_1_677' title='bbox 1125 1784 1193 1819; x_wconf 81' lang='grc' dir='ltr'>πρὸς</span> <span class='ocrx_word' id='word_1_678' title='bbox 1210 1783 1244 1810; x_wconf 83' lang='grc' dir='ltr'><strong>τὰ</strong></span> <span class='ocrx_word' id='word_1_679' title='bbox 1268 1784 1357 1819; x_wconf 84' lang='grc' dir='ltr'>γεώδη</span> <span class='ocrx_word' id='word_1_680' title='bbox 1387 1783 1547 1819; x_wconf 73' lang='grc' dir='ltr'>μεθέλκουσι</span> <span class='ocrx_word' id='word_1_681' title='bbox 1571 1782 1627 1818; x_wconf 71' lang='lat'><strong>[11).</strong></span> <span class='ocrx_word' id='word_1_682' title='bbox 1647 1791 1682 1818; x_wconf 91' lang='grc' dir='ltr'><strong>με</strong></span> <span class='ocrx_word' id='word_1_683' title='bbox 1701 1783 1788 1819; x_wconf 58' lang='grc' dir='ltr'>ἔλσαι,</span> <span class='ocrx_word' id='word_1_684' title='bbox 1803 1785 1853 1810; x_wconf 74' lang='grc' dir='ltr'>καὶ</span> 
     </span>
    </p>
   </div>
   <div class='ocr_carea' id='block_1_95' title="bbox 1055 1828 1853 1865">
    <p class='ocr_par' dir='ltr' id='par_1_95' title="bbox 1055 1828 1853 1865">
     <span class='ocr_line' id='line_1_95' title="bbox 1055 1828 1853 1865; baseline -0.001 -9"><span class='ocrx_word' id='word_1_685' title='bbox 1055 1830 1284 1865; x_wconf 83' lang='grc' dir='ltr'>ἐμπιμπλάμενον</span> <span class='ocrx_word' id='word_1_686' title='bbox 1306 1829 1423 1865; x_wconf 81' lang='grc' dir='ltr'>κηλῖδος,</span> <span class='ocrx_word' id='word_1_687' title='bbox 1441 1829 1491 1855; x_wconf 87' lang='grc' dir='ltr'>οὐκ</span> <span class='ocrx_word' id='word_1_688' title='bbox 1511 1828 1545 1855; x_wconf 78' lang='grc' dir='ltr'>ἂν</span> <span class='ocrx_word' id='word_1_689' title='bbox 1559 1828 1631 1855; x_wconf 78' lang='grc' dir='ltr'>εἴποι</span> <span class='ocrx_word' id='word_1_690' title='bbox 1644 1837 1687 1860; x_wconf 81' lang='grc' dir='ltr'><strong>τις</strong></span> <span class='ocrx_word' id='word_1_691' title='bbox 1707 1829 1786 1864; x_wconf 74' lang='grc' dir='ltr'>ὅσης,</span> <span class='ocrx_word' id='word_1_692' title='bbox 1806 1829 1853 1863; x_wconf 83' lang='grc' dir='ltr'><strong>Τῷ</strong></span> 
     </span>
    </p>
   </div>
   <div class='ocr_carea' id='block_1_96' title="bbox 1056 1874 1854 1911">
    <p class='ocr_par' dir='ltr' id='par_1_96' title="bbox 1056 1874 1854 1911">
     <span class='ocr_line' id='line_1_96' title="bbox 1056 1874 1854 1911; baseline -0.001 -9"><span class='ocrx_word' id='word_1_693' title='bbox 1056 1876 1110 1911; x_wconf 84' lang='grc' dir='ltr'>γὰρ</span> <span class='ocrx_word' id='word_1_694' title='bbox 1125 1876 1240 1908; x_wconf 73' lang='grc' dir='ltr'>οἰκείους</span> <span class='ocrx_word' id='word_1_695' title='bbox 1257 1874 1327 1902; x_wconf 73' lang='grc' dir='ltr'>εἶναι</span> <span class='ocrx_word' id='word_1_696' title='bbox 1348 1884 1392 1910; x_wconf 88' lang='grc' dir='ltr'><strong>μοι</strong></span> <span class='ocrx_word' id='word_1_697' title='bbox 1407 1875 1454 1902; x_wconf 75' lang='grc' dir='ltr'><strong>καὶ</strong></span> <span class='ocrx_word' id='word_1_698' title='bbox 1465 1875 1549 1902; x_wconf 84' lang='grc' dir='ltr'>πάλαι</span> <span class='ocrx_word' id='word_1_699' title='bbox 1561 1874 1728 1910; x_wconf 81' lang='grc' dir='ltr'>μολυσμοὺς,</span> <span class='ocrx_word' id='word_1_700' title='bbox 1752 1875 1803 1902; x_wconf 77' lang='grc' dir='ltr'>καὶ</span> <span class='ocrx_word' id='word_1_701' title='bbox 1823 1876 1854 1901; x_wconf 75' lang='grc' dir='ltr'>τὸ</span> 
     </span>
    </p>
   </div>
   <div class='ocr_carea' id='block_1_97' title="bbox 1054 1919 1854 1956">
    <p class='ocr_par' dir='ltr' id='par_1_97' title="bbox 1054 1919 1854 1956">
     <span class='ocr_line' id='line_1_97' title="bbox 1054 1919 1854 1956; baseline -0.003 -9"><span class='ocrx_word' id='word_1_702' title='bbox 1054 1921 1136 1956; x_wconf 76' lang='grc' dir='ltr'>τυχὸν</span> <span class='ocrx_word' id='word_1_703' title='bbox 1154 1921 1235 1956; x_wconf 81' lang='grc' dir='ltr'>μέρος</span> <span class='ocrx_word' id='word_1_704' title='bbox 1251 1920 1445 1955; x_wconf 84' lang='grc' dir='ltr'>ἐπιγενόμενον</span> <span class='ocrx_word' id='word_1_705' title='bbox 1460 1920 1500 1951; x_wconf 87' lang='grc' dir='ltr'><strong>είς</strong></span> <span class='ocrx_word' id='word_1_706' title='bbox 1516 1919 1675 1955; x_wconf 79' lang='grc' dir='ltr'>προσθήκην</span> <span class='ocrx_word' id='word_1_707' title='bbox 1688 1919 1764 1954; x_wconf 74' lang='grc' dir='ltr'>μέγα</span> <span class='ocrx_word' id='word_1_708' title='bbox 1780 1928 1854 1954; x_wconf 73' lang='lat' dir='ltr'><strong>cup.—</strong></span> 
     </span>
    </p>
   </div>
   <div class='ocr_carea' id='block_1_98' title="bbox 1055 1964 1851 2002">
    <p class='ocr_par' dir='ltr' id='par_1_98' title="bbox 1055 1964 1851 2002">
     <span class='ocr_line' id='line_1_98' title="bbox 1055 1964 1851 2002; baseline -0.001 -9"><span class='ocrx_word' id='word_1_709' title='bbox 1055 1967 1193 1994; x_wconf 78' lang='grc' dir='ltr'>ϐάλλεται.</span> <span class='ocrx_word' id='word_1_710' title='bbox 1215 1966 1309 2002; x_wconf 82' lang='grc' dir='ltr'>Ῥώμη</span> <span class='ocrx_word' id='word_1_711' title='bbox 1334 1966 1357 1993; x_wconf 82' lang='grc' dir='ltr'>δ’</span> <span class='ocrx_word' id='word_1_712' title='bbox 1374 1966 1424 1993; x_wconf 79' lang='grc' dir='ltr'>οὐκ</span> <span class='ocrx_word' id='word_1_713' title='bbox 1443 1966 1501 1992; x_wconf 81' lang='grc' dir='ltr'>ἐστι</span> <span class='ocrx_word' id='word_1_714' title='bbox 1525 1974 1580 2001; x_wconf 79' lang='grc' dir='ltr'>μοι,</span> <span class='ocrx_word' id='word_1_715' title='bbox 1603 1965 1651 1992; x_wconf 81' lang='grc' dir='ltr'>καὶ</span> <span class='ocrx_word' id='word_1_716' title='bbox 1671 1965 1769 1992; x_wconf 75' lang='grc' dir='ltr'>τᾶνδον</span> 
     </span>
    </p>
   </div>
   <div class='ocr_carea' id='block_1_99' title="bbox 1054 2011 1852 2048">
    <p class='ocr_par' dir='ltr' id='par_1_99' title="bbox 1054 2011 1852 2048">
     <span class='ocr_line' id='line_1_99' title="bbox 1054 2011 1852 2048; baseline -0.003 -9"><span class='ocrx_word' id='word_1_717' title='bbox 1054 2013 1089 2039; x_wconf 81' lang='grc' dir='ltr'><strong>τά</strong></span> <span class='ocrx_word' id='word_1_718' title='bbox 1101 2021 1131 2039; x_wconf 89' lang='grc' dir='ltr'><strong>τε</strong></span> <span class='ocrx_word' id='word_1_719' title='bbox 1146 2012 1231 2048; x_wconf 79' lang='grc' dir='ltr'>ἔνδον]</span> <span class='ocrx_word' id='word_1_720' title='bbox 1249 2013 1299 2047; x_wconf 80' lang='grc' dir='ltr'><strong>οὐχ</strong></span> <span class='ocrx_word' id='word_1_721' title='bbox 1311 2012 1386 2047; x_wconf 79' lang='grc' dir='ltr'>ὑγιῆ,</span> <span class='ocrx_word' id='word_1_722' title='bbox 1402 2012 1450 2038; x_wconf 83' lang='grc' dir='ltr'><strong>καὶ</strong></span> <span class='ocrx_word' id='word_1_723' title='bbox 1463 2011 1532 2047; x_wconf 80' lang='grc' dir='ltr'>πρὸς</span> <span class='ocrx_word' id='word_1_724' title='bbox 1545 2011 1578 2038; x_wconf 72' lang='grc' dir='ltr'>τὸ</span> <span class='ocrx_word' id='word_1_725' title='bbox 1589 2011 1671 2042; x_wconf 71' lang='grc' dir='ltr'>ἐκτὸς</span> <span class='ocrx_word' id='word_1_726' title='bbox 1687 2011 1786 2046; x_wconf 76' lang='grc' dir='ltr'>ἀρκεῖν</span> <span class='ocrx_word' id='word_1_727' title='bbox 1801 2011 1852 2046; x_wconf 75' lang='grc' dir='ltr'><strong>οὐχ</strong></span> 
     </span>
    </p>
   </div>
   <div class='ocr_carea' id='block_1_100' title="bbox 1054 2055 1855 2092">
    <p class='ocr_par' dir='ltr' id='par_1_100' title="bbox 1054 2055 1855 2092">
     <span class='ocr_line' id='line_1_100' title="bbox 1054 2055 1855 2092; baseline -0.001 -9"><span class='ocrx_word' id='word_1_728' title='bbox 1054 2055 1110 2089; x_wconf 74' lang='grc' dir='ltr'>οἷός</span> <span class='ocrx_word' id='word_1_729' title='bbox 1122 2057 1152 2084; x_wconf 81' lang='grc' dir='ltr'><strong><em>τὲ</em></strong></span> <span class='ocrx_word' id='word_1_730' title='bbox 1167 2058 1234 2092; x_wconf 76' lang='grc' dir='ltr'>ειμι,</span> <span class='ocrx_word' id='word_1_731' title='bbox 1251 2058 1298 2084; x_wconf 82' lang='grc' dir='ltr'>καὶ</span> <span class='ocrx_word' id='word_1_732' title='bbox 1320 2056 1418 2084; x_wconf 90' lang='grc' dir='ltr'>πολλοῦ</span> <span class='ocrx_word' id='word_1_733' title='bbox 1433 2056 1488 2083; x_wconf 75' lang='grc' dir='ltr'>δέω</span> <span class='ocrx_word' id='word_1_734' title='bbox 1513 2056 1564 2091; x_wconf 82' lang='grc' dir='ltr'>τὴν</span> <span class='ocrx_word' id='word_1_735' title='bbox 1580 2056 1613 2082; x_wconf 74' lang='grc' dir='ltr'><strong>ἐκ</strong></span> <span class='ocrx_word' id='word_1_736' title='bbox 1625 2055 1673 2082; x_wconf 85' lang='grc' dir='ltr'><strong>τοῦ</strong></span> <span class='ocrx_word' id='word_1_737' title='bbox 1695 2055 1855 2087; x_wconf 78' lang='grc' dir='ltr'>συνειδότος</span> 
     </span>
    </p>
   </div>
   <div class='ocr_carea' id='block_1_101' title="bbox 1055 2100 1853 2137">
    <p class='ocr_par' dir='ltr' id='par_1_101' title="bbox 1055 2100 1853 2137">
     <span class='ocr_line' id='line_1_101' title="bbox 1055 2100 1853 2137; baseline -0.001 -8"><span class='ocrx_word' id='word_1_738' title='bbox 1055 2103 1148 2137; x_wconf 81' lang='grc' dir='ltr'>φέρειν</span> <span class='ocrx_word' id='word_1_739' title='bbox 1161 2103 1248 2129; x_wconf 77' lang='grc' dir='ltr'>ἀνίαν.</span> <span class='ocrx_word' id='word_1_740' title='bbox 1262 2102 1317 2130; x_wconf 78' lang='grc' dir='ltr'><strong>Καὶ</strong></span> <span class='ocrx_word' id='word_1_741' title='bbox 1337 2103 1432 2134; x_wconf 76' lang='grc' dir='ltr'>ὁσάκις</span> <span class='ocrx_word' id='word_1_742' title='bbox 1448 2102 1481 2128; x_wconf 74' lang='grc' dir='ltr'>ἄν</span> <span class='ocrx_word' id='word_1_743' title='bbox 1496 2101 1529 2137; x_wconf 85' lang='grc' dir='ltr'>μέ</span> <span class='ocrx_word' id='word_1_744' title='bbox 1544 2110 1587 2134; x_wconf 90' lang='grc' dir='ltr'><strong>τις</strong></span> <span class='ocrx_word' id='word_1_745' title='bbox 1603 2101 1692 2137; x_wconf 66' lang='grc' dir='ltr'>ἔροιτο</span> <span class='ocrx_word' id='word_1_746' title='bbox 1708 2100 1767 2137; x_wconf 70' lang='grc' dir='ltr'>[γρ.</span> <span class='ocrx_word' id='word_1_747' title='bbox 1786 2102 1853 2137; x_wconf 76' lang='grc' dir='ltr'>ἔρη-</span> 
     </span>
    </p>
   </div>
   <div class='ocr_carea' id='block_1_102' title="bbox 1055 2146 1856 2184">
    <p class='ocr_par' dir='ltr' id='par_1_102' title="bbox 1055 2146 1856 2184">
     <span class='ocr_line' id='line_1_102' title="bbox 1055 2146 1856 2184; baseline -0.001 -10"><span class='ocrx_word' id='word_1_748' title='bbox 1055 2148 1123 2184; x_wconf 72' lang='grc' dir='ltr'>ται],</span> <span class='ocrx_word' id='word_1_749' title='bbox 1134 2148 1222 2182; x_wconf 83' lang='grc' dir='ltr'>λέγειν</span> <span class='ocrx_word' id='word_1_750' title='bbox 1240 2148 1389 2184; x_wconf 78' lang='grc' dir='ltr'>διαῤῥὴδην</span> <span class='ocrx_word' id='word_1_751' title='bbox 1411 2148 1461 2174; x_wconf 80' lang='grc' dir='ltr'>οὐκ</span> <span class='ocrx_word' id='word_1_752' title='bbox 1474 2147 1636 2182; x_wconf 70' lang='grc' dir='ltr'>ἀναδύομαι,</span> <span class='ocrx_word' id='word_1_753' title='bbox 1655 2147 1694 2178; x_wconf 75' lang='grc' dir='ltr'>ὡς</span> <span class='ocrx_word' id='word_1_754' title='bbox 1705 2146 1754 2174; x_wconf 78' lang='grc' dir='ltr'>τὸν</span> <span class='ocrx_word' id='word_1_755' title='bbox 1774 2147 1856 2183; x_wconf 72' lang='grc' dir='ltr'>ιερέι</span> 
     </span>
    </p>
   </div>
   <div class='ocr_carea' id='block_1_103' title="bbox 1055 2190 1855 2228">
    <p class='ocr_par' dir='ltr' id='par_1_103' title="bbox 1055 2190 1855 2228">
     <span class='ocr_line' id='line_1_103' title="bbox 1055 2190 1855 2228; baseline -0.001 -9"><span class='ocrx_word' id='word_1_756' title='bbox 1055 2193 1099 2219; x_wconf 79' lang='grc' dir='ltr'><strong>διὰ</strong></span> <span class='ocrx_word' id='word_1_757' title='bbox 1114 2192 1232 2220; x_wconf 83' lang='grc' dir='ltr'>πάντων.</span> <span class='ocrx_word' id='word_1_758' title='bbox 1260 2193 1438 2228; x_wconf 83' lang='grc' dir='ltr'>Ἀκηλίδωτον</span> <span class='ocrx_word' id='word_1_759' title='bbox 1456 2190 1524 2218; x_wconf 76' lang='grc' dir='ltr'>εἶναι</span> <span class='ocrx_word' id='word_1_760' title='bbox 1548 2193 1682 2228; x_wconf 79' lang='grc' dir='ltr'>προσήκει</span> <span class='ocrx_word' id='word_1_761' title='bbox 1700 2191 1797 2228; x_wconf 74' lang='grc' dir='ltr'>πολλῷ</span> <span class='ocrx_word' id='word_1_762' title='bbox 1813 2192 1855 2227; x_wconf 78' lang='grc' dir='ltr'>τῷ</span> 
     </span>
    </p>
   </div>
   <div class='ocr_carea' id='block_1_104' title="bbox 1057 2237 1853 2274">
    <p class='ocr_par' dir='ltr' id='par_1_104' title="bbox 1057 2237 1853 2274">
     <span class='ocr_line' id='line_1_104' title="bbox 1057 2237 1853 2274; baseline 0 -9"><span class='ocrx_word' id='word_1_763' title='bbox 1057 2239 1188 2274; x_wconf 79' lang='grc' dir='ltr'>περιόντι,</span> <span class='ocrx_word' id='word_1_764' title='bbox 1202 2238 1239 2270; x_wconf 83' lang='grc' dir='ltr'><strong>ὡς</strong></span> <span class='ocrx_word' id='word_1_765' title='bbox 1253 2239 1299 2265; x_wconf 76' lang='grc' dir='ltr'>καὶ</span> <span class='ocrx_word' id='word_1_766' title='bbox 1310 2238 1420 2273; x_wconf 80' lang='grc' dir='ltr'>ἐτέρους</span> <span class='ocrx_word' id='word_1_767' title='bbox 1430 2237 1484 2266; x_wconf 83' lang='grc' dir='ltr'><strong>τῶν</strong></span> <span class='ocrx_word' id='word_1_768' title='bbox 1496 2237 1656 2273; x_wconf 74' lang='grc' dir='ltr'>μιασμάτων</span> <span class='ocrx_word' id='word_1_769' title='bbox 1665 2237 1853 2265; x_wconf 74' lang='grc' dir='ltr'>ἐκπλύναντα.</span> 
     </span>
    </p>
   </div>
   <div class='ocr_carea' id='block_1_105' title="bbox 1056 2283 1856 2320">
    <p class='ocr_par' dir='ltr' id='par_1_105' title="bbox 1056 2283 1856 2320">
     <span class='ocr_line' id='line_1_105' title="bbox 1056 2283 1856 2320; baseline 0 -9"><span class='ocrx_word' id='word_1_770' title='bbox 1056 2284 1171 2312; x_wconf 85' lang='grc' dir='ltr'>Κάκεῖνο</span> <span class='ocrx_word' id='word_1_771' title='bbox 1186 2285 1227 2311; x_wconf 88' lang='grc' dir='ltr'><strong>δεῖ</strong></span> <span class='ocrx_word' id='word_1_772' title='bbox 1240 2286 1381 2320; x_wconf 84' lang='grc' dir='ltr'>προσεῖναι</span> <span class='ocrx_word' id='word_1_773' title='bbox 1399 2287 1455 2317; x_wconf 74' lang='grc' dir='ltr'>τοῖς</span> <span class='ocrx_word' id='word_1_774' title='bbox 1476 2285 1544 2320; x_wconf 78' lang='grc' dir='ltr'>πρὸς</span> <span class='ocrx_word' id='word_1_775' title='bbox 1567 2284 1613 2311; x_wconf 77' lang='grc' dir='ltr'><strong>τὸν</strong></span> <span class='ocrx_word' id='word_1_776' title='bbox 1626 2283 1743 2319; x_wconf 76' lang='grc' dir='ltr'>ἀδελφὺν</span> <span class='ocrx_word' id='word_1_777' title='bbox 1755 2284 1856 2320; x_wconf 81' lang='grc' dir='ltr'>γράμ-</span> 
     </span>
    </p>
   </div>
   <div class='ocr_carea' id='block_1_106' title="bbox 1057 2327 1854 2365">
    <p class='ocr_par' dir='ltr' id='par_1_106' title="bbox 1057 2327 1854 2365">
     <span class='ocr_line' id='line_1_106' title="bbox 1057 2327 1854 2365; baseline -0.001 -9"><span class='ocrx_word' id='word_1_778' title='bbox 1057 2338 1133 2365; x_wconf 86' lang='grc' dir='ltr'>μασι.</span> <span class='ocrx_word' id='word_1_779' title='bbox 1149 2330 1260 2360; x_wconf 85' lang='grc' dir='ltr'>Πάντως</span> <span class='ocrx_word' id='word_1_780' title='bbox 1271 2329 1300 2355; x_wconf 85' lang='grc' dir='ltr'>δὲ</span> <span class='ocrx_word' id='word_1_781' title='bbox 1314 2328 1517 2363; x_wconf 85' lang='grc' dir='ltr'>ἀναγνώσονται</span> <span class='ocrx_word' id='word_1_782' title='bbox 1529 2327 1674 2363; x_wconf 74' lang='grc' dir='ltr'>σνχνοὶτὴν</span> <span class='ocrx_word' id='word_1_783' title='bbox 1686 2327 1854 2363; x_wconf 74' lang='grc' dir='ltr'>ἐπιστολήν.</span> 
     </span>
    </p>
   </div>
   <div class='ocr_carea' id='block_1_107' title="bbox 1055 2373 1858 2410">
    <p class='ocr_par' dir='ltr' id='par_1_107' title="bbox 1055 2373 1858 2410">
     <span class='ocr_line' id='line_1_107' title="bbox 1055 2373 1858 2410; baseline -0.001 -9"><span class='ocrx_word' id='word_1_784' title='bbox 1055 2375 1109 2401; x_wconf 70' lang='grc' dir='ltr'>Καὶ</span> <span class='ocrx_word' id='word_1_785' title='bbox 1125 2374 1179 2410; x_wconf 87' lang='grc' dir='ltr'><strong>γὰρ</strong></span> <span class='ocrx_word' id='word_1_786' title='bbox 1195 2374 1245 2410; x_wconf 82' lang='grc' dir='ltr'>οὐχ</span> <span class='ocrx_word' id='word_1_787' title='bbox 1256 2374 1357 2410; x_wconf 79' lang='grc' dir='ltr'>ἥκιστα</span> <span class='ocrx_word' id='word_1_788' title='bbox 1365 2374 1460 2401; x_wconf 86' lang='grc' dir='ltr'>τούτου</span> <span class='ocrx_word' id='word_1_789' title='bbox 1471 2374 1551 2409; x_wconf 84' lang='grc' dir='ltr'>χάριν</span> <span class='ocrx_word' id='word_1_790' title='bbox 1559 2374 1643 2408; x_wconf 81' lang='grc' dir='ltr'>αὐτὴν</span> <span class='ocrx_word' id='word_1_791' title='bbox 1655 2373 1858 2409; x_wconf 67' lang='grc' dir='ltr'>ὑπηγόρευσα,</span> 
     </span>
    </p>
   </div>
   <div class='ocr_carea' id='block_1_108' title="bbox 1053 2418 1857 2455">
    <p class='ocr_par' dir='ltr' id='par_1_108' title="bbox 1053 2418 1857 2455">
     <span class='ocr_line' id='line_1_108' title="bbox 1053 2418 1857 2455; baseline 0.001 -9"><span class='ocrx_word' id='word_1_792' title='bbox 1053 2419 1101 2446; x_wconf 81' lang='grc' dir='ltr'>τοῦ</span> <span class='ocrx_word' id='word_1_793' title='bbox 1118 2421 1185 2446; x_wconf 79' lang='grc' dir='ltr'>πᾶσι</span> <span class='ocrx_word' id='word_1_794' title='bbox 1198 2420 1353 2454; x_wconf 80' lang='grc' dir='ltr'>καταφανὲς</span> <span class='ocrx_word' id='word_1_795' title='bbox 1376 2418 1446 2446; x_wconf 78' lang='grc' dir='ltr'>εἶναι</span> <span class='ocrx_word' id='word_1_796' title='bbox 1465 2420 1532 2455; x_wconf 72' lang='grc'>(47),</span> <span class='ocrx_word' id='word_1_797' title='bbox 1549 2419 1579 2445; x_wconf 81' lang='grc' dir='ltr'>τὸ</span> <span class='ocrx_word' id='word_1_798' title='bbox 1596 2419 1714 2454; x_wconf 76' lang='grc' dir='ltr'>πρᾶγμα</span> <span class='ocrx_word' id='word_1_799' title='bbox 1730 2419 1857 2452; x_wconf 72' lang='grc' dir='ltr'>δεδιώς⁵</span> 
     </span>
    </p>
   </div>
   <div class='ocr_carea' id='block_1_109' title="bbox 1054 2465 1856 2502">
    <p class='ocr_par' dir='ltr' id='par_1_109' title="bbox 1054 2465 1856 2502">
     <span class='ocr_line' id='line_1_109' title="bbox 1054 2465 1856 2502; baseline 0 -11"><span class='ocrx_word' id='word_1_800' title='bbox 1054 2465 1091 2496; x_wconf 82' lang='grc' dir='ltr'>ὡς</span> <span class='ocrx_word' id='word_1_801' title='bbox 1107 2466 1121 2492; x_wconf 83' lang='grc' dir='ltr'><strong>ὃ</strong></span> <span class='ocrx_word' id='word_1_802' title='bbox 1139 2474 1165 2492; x_wconf 88' lang='grc' dir='ltr'><strong>τι</strong></span> <span class='ocrx_word' id='word_1_803' title='bbox 1184 2466 1216 2492; x_wconf 79' lang='grc' dir='ltr'>ἂν</span> <span class='ocrx_word' id='word_1_804' title='bbox 1231 2465 1332 2501; x_wconf 73' lang='grc' dir='ltr'>ἀποϐῇ,</span> <span class='ocrx_word' id='word_1_805' title='bbox 1345 2466 1392 2492; x_wconf 77' lang='grc' dir='ltr'>καὶ</span> <span class='ocrx_word' id='word_1_806' title='bbox 1407 2465 1474 2501; x_wconf 76' lang='grc' dir='ltr'>πρὸς</span> <span class='ocrx_word' id='word_1_807' title='bbox 1491 2465 1571 2497; x_wconf 79' lang='grc' dir='ltr'>Θεοῦ,</span> <span class='ocrx_word' id='word_1_808' title='bbox 1586 2465 1634 2491; x_wconf 82' lang='grc' dir='ltr'>καὶ</span> <span class='ocrx_word' id='word_1_809' title='bbox 1653 2465 1724 2500; x_wconf 84' lang='grc' dir='ltr'>πρδς</span> <span class='ocrx_word' id='word_1_810' title='bbox 1738 2465 1856 2502; x_wconf 80' lang='grc' dir='ltr'>ἀνθρὼ-</span> 
     </span>
    </p>
   </div>
   <div class='ocr_carea' id='block_1_110' title="bbox 1053 2509 1858 2547">
    <p class='ocr_par' dir='ltr' id='par_1_110' title="bbox 1053 2509 1858 2547">
     <span class='ocr_line' id='line_1_110' title="bbox 1053 2509 1858 2547; baseline 0.001 -10"><span class='ocrx_word' id='word_1_811' title='bbox 1053 2519 1113 2537; x_wconf 87' lang='grc' dir='ltr'><strong>πων</strong></span> <span class='ocrx_word' id='word_1_812' title='bbox 1139 2511 1260 2543; x_wconf 82' lang='grc' dir='ltr'>ἀναίτιος</span> <span class='ocrx_word' id='word_1_813' title='bbox 1288 2509 1320 2544; x_wconf 84' lang='grc' dir='ltr'>ὣ,</span> <span class='ocrx_word' id='word_1_814' title='bbox 1347 2511 1396 2538; x_wconf 73' lang='grc' dir='ltr'>καὶ</span> <span class='ocrx_word' id='word_1_815' title='bbox 1409 2512 1458 2547; x_wconf 83' lang='grc' dir='ltr'><strong>οὐχ</strong></span> <span class='ocrx_word' id='word_1_816' title='bbox 1468 2512 1568 2546; x_wconf 72' lang='grc' dir='ltr'>ἣκιστα</span> <span class='ocrx_word' id='word_1_817' title='bbox 1586 2510 1653 2545; x_wconf 80' lang='grc' dir='ltr'>πρὸς</span> <span class='ocrx_word' id='word_1_818' title='bbox 1667 2509 1718 2537; x_wconf 74' lang='grc' dir='ltr'>τοῦ</span> <span class='ocrx_word' id='word_1_819' title='bbox 1745 2512 1858 2547; x_wconf 73' lang='grc' dir='ltr'>πατρὸς</span> 
     </span>
    </p>
   </div>
   <div class='ocr_carea' id='block_1_111' title="bbox 1052 2556 1879 2593">
    <p class='ocr_par' dir='ltr' id='par_1_111' title="bbox 1052 2556 1879 2593">
     <span class='ocr_line' id='line_1_111' title="bbox 1052 2556 1879 2593; baseline 0.002 -11"><span class='ocrx_word' id='word_1_820' title='bbox 1052 2556 1193 2591; x_wconf 76' lang='grc' dir='ltr'>Θεοφίλου.</span> <span class='ocrx_word' id='word_1_821' title='bbox 1211 2557 1301 2588; x_wconf 74' lang='grc' dir='ltr'>Τιθεὶς</span> <span class='ocrx_word' id='word_1_822' title='bbox 1319 2556 1374 2593; x_wconf 82' lang='grc' dir='ltr'><strong>γὰρ</strong></span> <span class='ocrx_word' id='word_1_823' title='bbox 1401 2558 1429 2584; x_wconf 83' lang='grc' dir='ltr'><strong>ἐν</strong></span> <span class='ocrx_word' id='word_1_824' title='bbox 1453 2556 1528 2592; x_wconf 78' lang='grc' dir='ltr'>μέσῳ</span> <span class='ocrx_word' id='word_1_825' title='bbox 1542 2556 1628 2592; x_wconf 73' lang='grc' dir='ltr'>τάμὰ,</span> <span class='ocrx_word' id='word_1_826' title='bbox 1651 2556 1701 2583; x_wconf 73' lang='grc' dir='ltr'>καὶ</span> <span class='ocrx_word' id='word_1_827' title='bbox 1714 2556 1810 2589; x_wconf 77' lang='grc' dir='ltr'>διδοὺς</span> <span class='ocrx_word' id='word_1_828' title='bbox 1826 2557 1859 2590; x_wconf 75' lang='grc' dir='ltr'>ἐξ</span> <span class='ocrx_word' id='word_1_829' title='bbox 1874 2572 1879 2575; x_wconf 94' lang='grc'><strong>-</strong></span> 
     </span>
    </p>
   </div>
   <div class='ocr_carea' id='block_1_112' title="bbox 812 2618 1197 2671">
    <p class='ocr_par' dir='ltr' id='par_1_112' title="bbox 812 2618 1197 2671">
     <span class='ocr_line' id='line_1_112' title="bbox 812 2618 1197 2671; baseline 0.005 -2"><span class='ocrx_word' id='word_1_830' title='bbox 812 2641 905 2670; x_wconf 84' lang='lat' dir='ltr'><strong>DION.</strong></span> <span class='ocrx_word' id='word_1_831' title='bbox 924 2642 1062 2671; x_wconf 82' lang='lat' dir='ltr'><strong>PETAVII</strong></span> <span class='ocrx_word' id='word_1_832' title='bbox 1071 2618 1197 2671; x_wconf 16' lang='grc' dir='ltr'><strong>(ΝΘΤΑΕ.</strong></span> 
     </span>
    </p>
   </div>
   <div class='ocr_carea' id='block_1_113' title="bbox 246 2718 1003 2758">
    <p class='ocr_par' dir='ltr' id='par_1_113' title="bbox 246 2718 1003 2758">
     <span class='ocr_line' id='line_1_113' title="bbox 246 2718 1003 2758; baseline -0.001 -10"><span class='ocrx_word' id='word_1_833' title='bbox 246 2720 417 2758; x_wconf 53' lang='grc' dir='ltr'>βιωτὸν-δ’</span> <span class='ocrx_word' id='word_1_834' title='bbox 431 2720 620 2758; x_wconf 41' lang='grc' dir='ltr'>ζερέα-ἇνᾷρα</span> <span class='ocrx_word' id='word_1_835' title='bbox 632 2719 686 2758; x_wconf 51' lang='grc' dir='ltr'>δεῖ.</span> <span class='ocrx_word' id='word_1_836' title='bbox 699 2719 797 2758; x_wconf 81' lang='lat' dir='ltr'><strong>Isidor.</strong></span> <span class='ocrx_word' id='word_1_837' title='bbox 814 2718 1003 2758; x_wconf 78' lang='lat' dir='ltr'><strong>Pel_us._lib._t,</strong></span> 
     </span>
    </p>
   </div>
   <div class='ocr_carea' id='block_1_114' title="bbox 209 2754 1001 2791">
    <p class='ocr_par' dir='ltr' id='par_1_114' title="bbox 209 2754 1001 2791">
     <span class='ocr_line' id='line_1_114' title="bbox 209 2754 1001 2791; baseline -0.005 -7"><span class='ocrx_word' id='word_1_838' title='bbox 209 2754 256 2791; x_wconf 48' lang='lat' dir='ltr'><strong>ep.‘</strong></span> <span class='ocrx_word' id='word_1_839' title='bbox 271 2754 323 2784; x_wconf 78' lang='grc'><strong>519</strong></span> <span class='ocrx_word' id='word_1_840' title='bbox 341 2765 348 2782; x_wconf 90' lang='lat'><strong>:</strong></span> <span class='ocrx_word' id='word_1_841' title='bbox 369 2755 401 2782; x_wconf 77' lang='lat' dir='ltr'><strong>El</strong></span> <span class='ocrx_word' id='word_1_842' title='bbox 414 2754 499 2791; x_wconf 82' lang='grc' dir='ltr'>τύπος</span> <span class='ocrx_word' id='word_1_843' title='bbox 506 2754 602 2791; x_wconf 30' lang='grc' dir='ltr'>Αιερεὺς</span> <span class='ocrx_word' id='word_1_844' title='bbox 613 2754 810 2791; x_wconf 77' lang='grc' dir='ltr'>ποιμνίου,</span> <span class='ocrx_word' id='word_1_845' title='bbox 822 2755 870 2781; x_wconf 76' lang='grc' dir='ltr'>καὶ</span> <span class='ocrx_word' id='word_1_846' title='bbox 883 2754 1001 2791; x_wconf 18' lang='grc' dir='ltr'>φῶςγτῆς</span> 
     </span>
    </p>
   </div>
   <div class='ocr_carea' id='block_1_115' title="bbox 215 2788 1002 2826">
    <p class='ocr_par' dir='ltr' id='par_1_115' title="bbox 215 2788 1002 2826">
     <span class='ocr_line' id='line_1_115' title="bbox 215 2788 1002 2826; baseline -0.004 -8"><span class='ocrx_word' id='word_1_847' title='bbox 215 2788 379 2826; x_wconf 18' lang='grc' dir='ltr'>Ἐκκλησῗίας</span> <span class='ocrx_word' id='word_1_848' title='bbox 391 2789 607 2826; x_wconf 46' lang='grc' dir='ltr'>ὡνομάσίζηικαὶ</span> <span class='ocrx_word' id='word_1_849' title='bbox 614 2788 742 2826; x_wconf 70' lang='grc' dir='ltr'>ρπάρχεὶ,</span> <span class='ocrx_word' id='word_1_850' title='bbox 753 2788 860 2826; x_wconf 74' lang='grc' dir='ltr'>ἀνάγκη</span> <span class='ocrx_word' id='word_1_851' title='bbox 871 2790 929 2826; x_wconf 80' lang='grc' dir='ltr'>τοῖς</span> <span class='ocrx_word' id='word_1_852' title='bbox 940 2788 1002 2824; x_wconf 72' lang='grc' dir='ltr'><strong>ἠθε-</strong></span> 
     </span>
    </p>
   </div>
   <div class='ocr_carea' id='block_1_116' title="bbox 210 2823 1000 2860">
    <p class='ocr_par' dir='ltr' id='par_1_116' title="bbox 210 2823 1000 2860">
     <span class='ocr_line' id='line_1_116' title="bbox 210 2823 1000 2860; baseline -0.001 -8"><span class='ocrx_word' id='word_1_853' title='bbox 210 2834 253 2852; x_wconf 93' lang='grc' dir='ltr'><strong>σιν</strong></span> <span class='ocrx_word' id='word_1_854' title='bbox 264 2823 345 2852; x_wconf 74' lang='grc' dir='ltr'>αὑτοῦ</span> <span class='ocrx_word' id='word_1_855' title='bbox 358 2823 590 2860; x_wconf 71' lang='grc' dir='ltr'>συνεκτυποῦσθαι</span> <span class='ocrx_word' id='word_1_856' title='bbox 599 2823 780 2860; x_wconf 39' lang='grc' dir='ltr'>ἐδ-ὑπήκοον..</span> <span class='ocrx_word' id='word_1_857' title='bbox 796 2823 835 2856; x_wconf 81' lang='grc' dir='ltr'><strong>ὡς</strong></span> <span class='ocrx_word' id='word_1_858' title='bbox 850 2823 1000 2860; x_wconf 73' lang='grc' dir='ltr'>σημάντρῳ</span> 
     </span>
    </p>
   </div>
   <div class='ocr_carea' id='block_1_117' title="bbox 209 2856 995 2895">
    <p class='ocr_par' dir='ltr' id='par_1_117' title="bbox 209 2856 995 2895">
     <span class='ocr_line' id='line_1_117' title="bbox 209 2856 995 2895; baseline -0.001 -8"><span class='ocrx_word' id='word_1_859' title='bbox 209 2860 305 2895; x_wconf 78' lang='grc' dir='ltr'>κηρόν.</span> <span class='ocrx_word' id='word_1_860' title='bbox 321 2860 352 2886; x_wconf 76' lang='lat' dir='ltr'><strong>Et</strong></span> <span class='ocrx_word' id='word_1_861' title='bbox 367 2860 456 2887; x_wconf 82' lang='grc' dir='ltr'>τοίνυν</span> <span class='ocrx_word' id='word_1_862' title='bbox 475 2859 534 2894; x_wconf 82' lang='grc' dir='ltr'><strong>φῶς</strong></span> <span class='ocrx_word' id='word_1_863' title='bbox 547 2856 616 2887; x_wconf 73' lang='grc' dir='ltr'>εῖναι</span> <span class='ocrx_word' id='word_1_864' title='bbox 631 2856 731 2894; x_wconf 74' lang='grc' dir='ltr'>βούλει,</span> <span class='ocrx_word' id='word_1_865' title='bbox 744 2858 817 2894; x_wconf 85' lang='grc' dir='ltr'>μίσει</span> <span class='ocrx_word' id='word_1_866' title='bbox 831 2856 995 2895; x_wconf 63' lang='grc' dir='ltr'>τὴιὶἐὺτραὲ</span> 
     </span>
    </p>
   </div>
   <div class='ocr_carea' id='block_1_118' title="bbox 1055 2720 1654 2758">
    <p class='ocr_par' dir='ltr' id='par_1_118' title="bbox 1055 2720 1654 2758">
     <span class='ocr_line' id='line_1_118' title="bbox 1055 2720 1654 2758; baseline 0.002 -11"><span class='ocrx_word' id='word_1_867' title='bbox 1055 2720 1161 2758; x_wconf 63' lang='grc' dir='ltr'>πελίαν,</span> <span class='ocrx_word' id='word_1_868' title='bbox 1178 2722 1225 2758; x_wconf 49' lang='grc' dir='ltr'>καὶ</span> <span class='ocrx_word' id='word_1_869' title='bbox 1237 2721 1286 2758; x_wconf 69' lang='grc' dir='ltr'><strong>τὴν</strong></span> <span class='ocrx_word' id='word_1_870' title='bbox 1300 2721 1453 2758; x_wconf 76' lang='grc' dir='ltr'>περιφορὰν</span> <span class='ocrx_word' id='word_1_871' title='bbox 1465 2721 1512 2749; x_wconf 81' lang='grc' dir='ltr'><strong>τοῦ</strong></span> <span class='ocrx_word' id='word_1_872' title='bbox 1525 2721 1654 2758; x_wconf 53' lang='grc' dir='ltr'>γέλωτος.</span> 
     </span>
    </p>
   </div>
   <div class='ocr_carea' id='block_1_119' title="bbox 1091 2755 1858 2794">
    <p class='ocr_par' dir='ltr' id='par_1_119' title="bbox 1091 2755 1858 2794">
     <span class='ocr_line' id='line_1_119' title="bbox 1091 2755 1858 2794; baseline 0.003 -11"><span class='ocrx_word' id='word_1_873' title='bbox 1091 2755 1148 2791; x_wconf 70' lang='lat'><strong>(47)</strong></span> <span class='ocrx_word' id='word_1_874' title='bbox 1170 2757 1226 2784; x_wconf 84' lang='grc' dir='ltr'><strong>Τοῦ</strong></span> <span class='ocrx_word' id='word_1_875' title='bbox 1244 2755 1320 2794; x_wconf 57' lang='lat' dir='ltr'><strong>alio:</strong></span> <span class='ocrx_word' id='word_1_876' title='bbox 1337 2755 1507 2794; x_wconf 55' lang='grc' dir='ltr'>κατάφανὲς</span> <span class='ocrx_word' id='word_1_877' title='bbox 1519 2755 1708 2794; x_wconf 41' lang='grc' dir='ltr'>σθαι-[στω</span> <span class='ocrx_word' id='word_1_878' title='bbox 1722 2766 1858 2794; x_wconf 68' lang='grc' dir='ltr'>καταφα-</span> 
     </span>
    </p>
   </div>
   <div class='ocr_carea' id='block_1_120' title="bbox 1053 2790 1860 2855">
    <p class='ocr_par' dir='ltr' id='par_1_120' title="bbox 1053 2790 1860 2855">
     <span class='ocr_line' id='line_1_120' title="bbox 1053 2790 1860 2855; baseline 0.005 -37"><span class='ocrx_word' id='word_1_879' title='bbox 1053 2790 1160 2855; x_wconf 55' lang='grc' dir='ltr'><strong>ἔὲξέθιιι</strong></span> <span class='ocrx_word' id='word_1_880' title='bbox 1175 2790 1456 2829; x_wconf 75' lang='lat' dir='ltr'><strong>omnesinteﬂigaht,</strong></span> <span class='ocrx_word' id='word_1_881' title='bbox 1475 2799 1518 2821; x_wconf 88' lang='lat' dir='ltr'><strong>me</strong></span> <span class='ocrx_word' id='word_1_882' title='bbox 1533 2792 1683 2821; x_wconf 72' lang='lat' dir='ltr'><strong>remittam</strong></span> <span class='ocrx_word' id='word_1_883' title='bbox 1700 2790 1860 2829; x_wconf 67' lang='lat' dir='ltr'><strong>pet-hoin-</strong></span> 
     </span>
    </p>
   </div>
  </div>
