3838 6236
135 288 279 344 1485

1319 276 1702 340 Ειηδτοιε.
1744 309 1812 319 -
1852 279 2071 339 EPIST.
2111 279 2224 337 CV.

3266 283 3402 340 148ιέ

136 407 395 462 ἁπάντων
444 405 585 476 dim?
647 404 1038 475 βουλεύσασθαι
1087 405 1216 473 περὶ
1268 406 1447 477 ὴμῶν.
1496 404 1615 468 πῶς
1660 405 1726 458 ἂν

1836 411 1958 457 sunt
1979 401 2136 467 satis,
2168 410 2220 456 et
2249 398 2317 455 ad
2335 407 2560 456 externa
2591 395 2837 454 sulllcere
2869 413 3102 470 nequeo,
3137 402 3406 470 longeque

135 499 389 562 ξιπαίτιος
419 499 574 567 είην;
610 499 765 569 Ἐμοὶ
800 498 1092 571 τοιγαροῦν
1117 499 1146 551 ὅ
1183 515 1245 551 τε
1287 499 1419 562 Θεὸς
1445 497 1583 569 (48),
1607 498 1634 550 ὅ
1661 513 1721 548 τε

137 591 322 660 νόμος,
370 590 406 659 ἦ
457 607 517 642 τε
544 590 664 660 ιερὰ
691 589 950 658 Θεοφίλου
977 590 1118 660 χεὶρ,
1151 591 1382 658 γυναῖκα
1405 589 1718 643 ἐπιδέδωκε.

137 680 506 752 Προαγορεύω
523 681 704 734 τοίνυν
750 682 943 744 ἅπασι,
974 681 1068 735 καὶ
1112 681 1482 752 μαρτύρομαι,
1514 680 1589 745 ὡς
1611 681 1722 748 ἐγὼ

135 771 344 841 ταύτης
372 769 498 825 οὒτε
524 771 961 842 ἁλλοτριὼσομαι
987 771 1264 837 καθάπαξ,
1285 771 1410 825 οὔτε
1437 772 1512 835 ὡς
1537 773 1723 842 μοιχὸς

135 865 275 936 αὐτῇ
303 864 477 936 λάθρα
509 864 828 935 συνέσομαι.
861 864 933 917 Τὸ
957 864 1055 934 μὲν
1078 865 1187 935 γὰρ
1227 865 1428 935 ἥκιστα
1457 864 1679 926 εὐσεϐές
1705 879 1718 893 ·

136 957 200 1010 τὸ
227 956 285 1009 δὲ
306 957 507 1027 ἥκιστα
538 956 792 1027 νόμιμον.
835 955 998 1009 Ἀλλὰ
1029 955 1360 1026 βουλήσομαι
1379 973 1437 1008 τε
1453 957 1547 1008 καὶ
1570 954 1722 1020 εῦξοο

141 1064 243 1117 μαι
299 1047 470 1118 συχνά
522 1064 614 1116 μοι
665 1047 806 1100 πάνυ
847 1047 940 1100 καὶ
984 1047 1197 1118 χρηστὰ
1217 1046 1470 1116 γενέσθαι
1511 1045 1720 1099 παιδία.

143 1137 244 1190 Ἐν
290 1136 355 1209 δὴ
403 1136 559 1191 τοῦτο
600 1138 680 1190 δεῖ
722 1136 813 1191 τὸν
869 1137 1058 1210 κύριον
1091 1141 1191 1210 τῆς
1259 1137 1591 1209 χειροτονίας
1647 1139 1723 1206 μὴ

137 1230 408 1300 ἀγνοῆσαι
436 1249 451 1264 ·
508 1230 728 1300 μαθέτω
783 1230 842 1283 δὲ
892 1231 1026 1285 αὐτὸ
1080 1231 1233 1302 παρά
1283 1230 1393 1283 τῶν
1440 1229 1587 1300 ἀμφὶ
1632 1229 1725 1282 τὸν

137 1323 354 1394 ἑταῖρον
379 1322 610 1389 Παῦλον,
651 1322 747 1376 καὶ
786 1321 1079 1388 Διονύσιον,
1101 1322 1196 1386 οὒς
1225 1321 1567 1394 πρεσϐευτὰς
1590 1323 1728 1392 ᾑρῆ-

141 1415 266 1468 σθαι
291 1414 443 1485 παρὰ
474 1414 568 1467 τοῦ
600 1415 775 1486 δήμου
822 1415 1188 1485 πυνθάνομαιι
1232 1414 1442 1468 Ἐκεῖνο
1485 1414 1542 1467 δὲ
1574 1415 1728 1469 οὐδὲν

138 1502 221 1555 δεῖ
253 1501 444 1571 μαθεῖν
483 1503 668 1567 αὑτὸν,
706 1503 821 1557 ἀλλ’
850 1503 1268 1574 ὑπομνησθῆναι
1286 1521 1300 1535 ·
1325 1504 1640 1578 διαλέξομαι
1669 1507 1728 1560 δὲ

143 1593 314 1646 πλείω
351 1594 482 1664 περὶ
517 1593 703 1650 αὑτοῦ.
742 1594 852 1646 Καὶ
881 1594 990 1665 γὰρ
1023 1595 1091 1648 ἂν
1124 1595 1338 1650 ἅπαντα
1358 1596 1524 1651 τᾶλλα
1557 1596 1730 1667 μικρὰ

1825 495 2018 549 absum
2049 509 2080 548 a
2114 493 2466 549 conscientiae
2490 492 2734 548 ferendis
2767 492 3089 562 angoribus.
3141 491 3223 546 Ac
3267 507 3407 561 quo-

1825 587 1929 642 ties
1963 601 1994 640 a
2034 602 2121 642 me
2163 586 2367 657 aliquis
2398 584 2735 649 sciscitatur,
2766 585 2945 653 palam
2974 582 3095 640 sine
3128 583 3239 638 ulla
3269 599 3407 637 cun-

1825 681 2069 735 ctatioue
2106 681 2260 735 dico:
2297 679 2613 750 episcopum
2645 678 2792 733 nulla
2824 675 3050 732 omnino
3069 675 3193 730 labe
3237 675 3403 745 pollui

1823 769 2058 836 debere,
2093 771 2328 825 multum
2369 777 2428 823 ut
2457 768 2506 824 ei
2546 767 2822 837 supersit,
2856 777 3116 836 tanquam
3149 765 3242 835 qui
3276 765 3406 819 alio-

1825 877 1947 916 rum
1988 863 2204 932 piacula
2232 878 2297 918 ac
2329 862 2522 918 sordes
2551 861 2852 931 abstergat.
2871 859 3016 925 Quin
3045 859 3210 914 etiam
3236 859 3292 912 in
3313 859 3403 922 iis,

1823 970 1965 1026 quas
1999 955 2153 1010 fratri
2183 955 2389 1023 scribo,
2422 955 2646 1020 litteris,
2683 953 2790 1008 hoc
2815 952 3018 1023 apponi
3044 952 3272 1022 insuper
3306 967 3405 1005 nc—

1825 1062 1982 1104 eesse
2016 1056 2125 1104 est.
2152 1045 2392 1103 Omnino
2444 1048 2593 1104 enim
2631 1047 2880 1118 plerique
2934 1047 3076 1100 hanc
3113 1043 3401 1115 epistolam

1828 1140 2024 1209 legent.
2046 1137 2183 1193 Nam
2214 1138 2380 1210 hujus
2409 1139 2758 1210 potissimum
2802 1152 2922 1194 eam
2953 1137 3126 1208 gratia
3173 1133 3404 1194 dictavi,

1826 1245 1938 1302 quo
1973 1229 2262 1288 manifeste
2306 1231 2566 1287 omnibus
2621 1237 2903 1286 constaret
2937 1244 3025 1284 me
3065 1241 3208 1282 onus
3257 1225 3403 1280 istud

1828 1323 2216 1391 reformidare;
2253 1331 2332 1390 ut,
2356 1322 2624 1395 quidquid
2655 1322 2938 1389 acciderit,
2961 1330 3016 1377 et
3043 1319 3186 1392 apud
3211 1318 3406 1380 Deum,

1827 1423 1883 1472 et
1911 1415 2053 1486 apud
2081 1415 2334 1472 homines
2368 1415 2528 1486 culpa
2562 1415 2711 1471 omni
2733 1429 2951 1471 caream
2976 1434 2988 1469 :
3021 1413 3292 1484 imprimis
3315 1429 3408 1466 ve-

1829 1524 1892 1563 ro
1934 1508 2078 1580 apud
2104 1507 2321 1564 Patrem
2355 1507 2740 1578 Theophilum.
2766 1506 2903 1563 Cum
2929 1506 3076 1563 enim
3125 1520 3245 1560 mea
3289 1520 3409 1559 om-

1831 1602 1923 1657 nia
1958 1603 2134 1671 palam
2167 1601 2222 1655 in
2260 1601 2500 1656 medium
2530 1600 2829 1671 proferam,
2859 1607 3024 1670 atque
3050 1614 3115 1654 ex
3152 1598 3410 1653 omnibus

142 1683 280 1758 πρὸς
310 1685 369 1738 ἓν
397 1701 482 1748 τις
508 1684 574 1739 ἂν
597 1683 755 1738 τοῦτο
784 1684 949 1740 θεῖτο.
976 1684 1225 1739 Χαλεπόν
1252 1687 1420 1752 ἐστιν,
1456 1686 1505 1739 εἰ
1531 1687 1605 1757 μὴ
1635 1687 1728 1741 καὶ

1836 1691 1899 1746 de
1937 1706 2023 1747 me
2056 1691 2133 1745 illi
2172 1689 2512 1746 deliberandi
2552 1698 2877 1760 potestatem
2909 1689 3135 1751 faciam,
3167 1687 3298 1758 quid
3323 1696 3410 1741 est

139 1777 263 1830 λίαν
301 1777 586 1840 ἀδύνατον,
615 1777 695 1840 είς
723 1776 902 1848 ψυχὴν
935 1776 1004 1830 τὰ
1043 1777 1111 1830 δι’
1137 1778 1450 1848 ἐπιστήμης
1487 1779 1567 1843 είς
1600 1778 1730 1832 ἀπό·

1836 1782 1980 1852 [ιιιοά
2019 1797 2118 1853 cgo
2148 1781 2399 1838 accusari
2455 1783 2653 1838 merito
2682 1782 2929 1853 possim?
2970 1780 3097 1835 Mihi
3144 1781 3308 1850 igitur
3356 1786 3412 1833 et

139 1866 306 1932 δειξιν
329 1867 551 1921 ἐλθόντα
571 1867 817 1938 δόγματα
839 1866 1186 1938 σαλευθῆναι.
1204 1863 1374 1921 υἷσθα
1397 1868 1442 1922 δ’
1465 1870 1547 1923 ὅτι
1563 1869 1736 1923 πολλὰ

142 1960 434 2029 φιλοσοφία
461 1962 574 2024 τοῖς
613 1959 1032 2031 θρυλλουμένοις
1084 1959 1293 2024 τούτοις
1339 1961 1737 2015 amata-cam-

141 2067 233 2104 ται
265 2050 551 2121 δόγμασιν.
600 2049 816 2120 Ἀμέλει
857 2049 960 2119 τήν
997 2048 1176 2119 ψυχήν
1202 2048 1303 2102 οὐκ
1342 2047 1561 2112 ἀξιώσω
1604 2048 1736 2102 ποτε

145 2142 399 2212 σώματος
442 2141 776 2212 ὑστερογενῆ
807 2141 1071 2212 νομίζειν.
1100 2142 1204 2196 Τὸν
1249 2142 1454 2212 κόσμον
1487 2143 1549 2195 οὐ
1578 2144 1739 2214 φήσω

143 2233 239 2285 καὶ
261 2231 430 2286 τᾶλλα
467 2231 609 2302 μέρη
643 2231 1175 2302 συνδιαφθείρεσθαι.
1199 2231 1311 2302 Τὴν
1331 2232 1718 2304 καθωμιλημέ-

142 2343 240 2396 νην
264 2324 566 2378 ἀνάστασιν
619 2324 730 2395 (49)
766 2325 910 2395 ἱερόν
949 2341 1002 2377 τι
1031 2325 1126 2378 καὶ
1155 2324 1464 2395 ἀπόρρητον
1496 2327 1729 2396 ἥγημαι,

142 2415 240 2468 καὶ
275 2411 472 2467 πολλοῦ
497 2413 605 2467 δέω
633 2403 754 2477 ταῖς
779 2413 874 2466 τοῦ
899 2413 1139 2485 πλήθους
1175 2415 1507 2486 ὑπολήψεσιν
1529 2418 1736 2486 ὁμολο-

141 2506 331 2575 γῆσαι.
361 2505 506 2568 Νοῦς
535 2504 634 2574 μὲν
655 2501 749 2559 οὖν
775 2505 1062 2575 φιλόσοφος
1087 2506 1329 2578 ἐπόπτης
1343 2505 1421 2560 ὣν
1445 2507 1732 2579 τάληθοῦς,

143 2593 423 2668 συγχωρεῖ
449 2591 513 2667 τῇ
540 2596 700 2670 χρείᾳ
720 2597 812 2651 τοῦ
834 2596 1125 2667 ψεύδεσθαι
1150 2597 1263 2670 [γρ.
1289 2599 1559 2672 ψεύδους].
1579 2602 1735 2657 Ἀνά-

140 2689 301 2758 λογον
331 2689 440 2759 γάρ
474 2689 593 2742 ἔστι
645 2687 762 2757 φῶς
816 2687 955 2760 πρὸς
983 2689 1264 2760 ἀλήθειαν,
1298 2690 1392 2744 καὶ
1417 2690 1571 2762 ὄμμα
1600 2692 1737 2763 πρὸς

141 2781 336 2854 δῆμον.
365 2777 447 2854 ⁷ῌ
475 2777 568 2836 οὗν
618 2773 899 2852 ὀφθαλμὸς
945 2783 1026 2846 είς
1053 2783 1223 2836 κακὸν
1270 2782 1337 2836 ἂν
1376 2783 1735 2839 ἀπολαύσειεν

141 2875 426 2946 ἀπλήστου
472 2873 652 2944 φωτὸς
681 2861 775 2928 καὶ
894 2875 1008 2937 τοῖς
1054 2863 1394 2944 όφθαλμιῶσι
1445 2876 1508 2928 τὺ
1544 2877 1734 2941 σκότος

140 2963 565 3039 ὡφελιμώτερον
589 2982 604 2997 ο
659 2965 834 3037 ταύτῃ
891 2965 985 3020 καὶ
1025 2965 1088 3020 τὸ
1130 2965 1325 3036 ψεῦδος
1355 2965 1547 3036 δφελος
1592 2962 1732 3022 εἶναι

1835 1874 1978 1930 Deus
2010 1875 2148 1945 ipse,
2180 1882 2234 1930 et
2274 1874 2386 1941 lex,
2415 1882 2472 1929 et
2525 1889 2682 1930 sacra
2712 1873 3000 1944 TlteOphili
3037 1888 3234 1926 manus
3275 1886 3411 1925 uxo.

1833 1983 1949 2024 rem
1982 1967 2152 2024 dedit.
2214 1967 2397 2033 Quare
2433 1966 2539 2022 hoc
2597 1968 2855 2023 omnibus
2904 1965 3164 2036 praedico,
3209 1972 3412 2020 testor-

1834 2075 1963 2130 que,
2034 2073 2212 2130 neque
2276 2074 2362 2116 me
2422 2059 2491 2114 ab
2546 2075 2612 2114 ea
2679 2073 2906 2129 prorsus
2948 2059 3087 2114 velle
3141 2056 3410 2128 separari,

1838 2167 2016 2222 neque
2069 2151 2302 2206 adulteri
2355 2166 2508 2206 more
2575 2164 2702 2206 cum
2767 2165 2830 2206 ea
2887 2149 3199 2205 clanculum
3278 2163 3413 2202 con-

1838 2259 2112 2302 suescere.
2175 2243 2420 2298 Alterum
2488 2243 2632 2298 enim
2693 2257 3034 2312 nequaquam
3104 2242 3252 2312 pium
3305 2250 3414 2301 est.

1840 2337 2005 2409 249
2026 2338 2259 2392 alterum
2291 2334 2565 2390 illicitum.
2611 2333 2720 2390 Sed
2746 2335 2850 2388 hoc
2876 2333 3067 2404 utique
3083 2333 3324 2402 cupiam,
3349 2346 3416 2387 ac

1836 2429 2128 2502 precabor,
2178 2428 2449 2499 plurimos
2496 2426 2633 2482 mihi
2686 2435 2741 2482 et
2786 2441 2950 2497 quam
3013 2425 3250 2494 optimos
3291 2439 3418 2480 esse

1833 2521 2063 2576 liberos.
2115 2517 2235 2575 Hoc
2272 2534 2442 2574 unum
2494 2519 2564 2573 ab
2605 2533 2672 2572 eo
2725 2517 2964 2588 ignorari
3009 2533 3117 2572 non
3158 2523 3416 2587 oportet,

1835 2630 2005 2684 penes
2033 2627 2200 2683 quem
2232 2611 2459 2666 creandi
2504 2617 2749 2681 potestas
2788 2619 2895 2666 est.
2925 2609 3082 2676 Quod
3125 2609 3195 2664 de
3242 2609 3446 2664 sodali-

1833 2701 2007 2757 Paulo
2033 2715 2096 2756 ac
2135 2699 2402 2770 Dionysio
2435 2700 2747 2770 intelligere
2783 2706 2985 2770 potest,
3023 2715 3163 2770 quos
3194 2700 3419 2769 quidem

1841 2796 2052 2868 legatos
2084 2810 2113 2848 a
2147 2794 2352 2866 populo
2371 2792 2624 2849 decretos
2658 2793 2842 2848 audio.
2876 2791 3016 2847 illud
3054 2808 3183 2848 vero
3213 2791 3421 2846 docen-

1841 2886 1946 2942 dus
1982 2901 2089 2940 non
2134 2892 2240 2950 est,
2279 2883 2376 2940 sed
2411 2883 2468 2938 in
2517 2883 2835 2938 memoriam
2865 2881 3133 2936 duntaxat
3161 2881 3212 2936 ei
3261 2895 3421 2935 revo-

1841 2976 2127 3043 candum;
2164 2990 2230 3030 ac
2258 2976 2418 3047 plura
2442 2990 2577 3032 sane
2614 2990 2678 3031 ea
2709 2973 2778 3030 de
2823 2989 2884 3029 re
2927 2973 3239 3045 disputabo.
3287 2971 3421 3026 Nam

143 3058 368 3131 τίθεμαι
389 3057 566 3130 δήμῳ,
598 3058 694 3112 καὶ
742 3049 1007 3130 βλαϐερὸν
1048 3057 1147 3130 τὴν
1197 3058 1456 3145 αλήθειαν
1494 3063 1607 3126 τοῖς
1631 3062 1732 3117 οὐκ

1836 3073 2036 3123 caetera
2073 3065 2260 3120 omnia
2319 3066 2366 3120 si
2425 3065 2551 3136 quis
2606 3080 2730 3120 cum
2775 3063 2882 3119 hoc
2931 3079 3042 3118 uno
3100 3064 3420 3124 contulerit,

147 3148 427 3222 ἰσχύουσιν
457 3147 766 3202 ὲνατενίσαι
792 3148 930 3220 πρὸς
959 3150 1055 3221 τὴν
1080 3149 1190 3204 τῶν
1220 3148 1392 3206 ὄντων
1423 3149 1732 3223 ἐνάργειαν.

1843 3172 2010 3229 parva
2038 3171 2102 3212 ac
2125 3155 2528 3212 contemnenda
2562 3166 2914 3210 censeantur.
2950 3153 3183 3208 Difficile
3204 3165 3308 3217 cst,
3336 3160 3418 3208 vel

1354 3329 1540 3390 DION.
1582 3327 1667 3390 PE
1685 3335 1855 3390 I'AVII
1896 3333 2129 3390 NOTAE.

223 3487 339 3572 μθ)
375 3487 534 3572 Ἐμοί
565 3485 881 3572 τοιγαροῦν·
911 3489 945 3542 ὅ
965 3505 1029 3543 τε
1057 3491 1220 3572 θεός.
1247 3487 1385 3572 Hinc
1410 3497 1588 3572 potest
1619 3489 1732 3572 col:

149 3558 269 3630 ligi,
298 3558 623 3627 jamdudum
655 3559 1038 3630 Christianum
1076 3559 1248 3630 fuisse
1290 3558 1607 3630 Synesium,
1640 3561 1734 3629 qui

151 3627 222 3684 ab
247 3631 507 3700 episcopo
541 3629 828 3700 conjugem
870 3630 1165 3698 acceperit.
1203 3627 1348 3684 Vide
1369 3646 1494 3698 qua:
1529 3631 1584 3684 in
1612 3627 1736 3700 ejus

163 3699 298 3754 Vita’
337 3700 702 3770 disputamus.
755 3699 1002 3753 Alterum
1039 3715 1222 3770 porro
1277 3699 1736 3769 consequens’ex

152 3770 260 3825 hoc
291 3768 526 3824 Ioco—est
558 3787 572 3821 :
603 3769 893 3839 episcopos
920 3768 1091 3839 perﬁid
1123 3778 1341 3839 tempus
1378 3771 1446 3839 ab
1471 3768 1736 3825 uxoribus

151 3841 441 3896 continere
477 3836 694 3894 solitos.
721 3836 978 3911 Quodude
1007 3836 1254 3893 Orientis
1273 3845 1327 3892 et
1363 3837 1585 3911 Egypti
1623 3842 1735 3911 cle-

155 3911 289 3965 ricis
336 3911 540 3964 diserte
590 3916 826 3964 testatur
873 3907 1487 3978 Hieronymusicontrn'
1521 3909 1676 3978 Vigil.
1716 3925 1736 3962 :

156 3979 298 4061 Quid
347 3980 546 4061 facient
594 3978 827 4034 Orientis
877 3977 1177 4061 Ecclesiae?
1234 3977 1375 4061 Quid
1429 3977 1651 4061 lEggpﬂ
1686 3990 1737 4061 et

153 4047 295 4103 sedis
320 4047 645 4117 apostolica,
677 4065 793 4119 qua:
817 4058 908 4101 aut
947 4047 1420 4119 virginesciericos
1446 4047 1733 4116 accipiunt,

153 4125 248 4172 aut
280 4122 636 4183 continentes;
674 4118 767 4171 aut
799 4119 846 4172 si
874 4133 1064 4171 uxores
1100 4118 1398 4182 habuerint,
1424 4119 1603 4171 mariti
1623 4134 1736 4173 esse

153 4189 420 4243 desierunt
441 4193 466 4243 ?
509 4188 654 4243 Idem
687 4189 852 4243 habet
876 4190 944 4242 de
982 4189 1256 4257 episcopis
1282 4197 1335 4242 et
1367 4189 1489 4243 aliis
1516 4189 1735 4244 clericis

154 4276 242 4344 cp.
269 4259 435 4339 46_ad
471 4258 680 4312 Parnm.
733 4257 870 4313 Vide
905 4258 1098 4381 Epiplt.
1135 4258 1264 4311 luer.
1307 4258 1396 4321 59,
1428 4275 1482 4312 n.
1512 4257 1566 4323 4,
1596 4268 1647 4313 et
1676 4258 1732 4313 in

155 4328 400 4398 Expos”.
448 4329 568 4397 ﬁd.,
599 4345 656 4382 n.
692 4328 756 4383 21
795 4345 810 4394 ;
860 4327 1008 4398 Ense
1045 4369 1081 4392 .,
1124 4325 1199 4381 De
1230 4327 1511 4391 demoust.,
1555 4343 1604 4398 p.

157 4369 728 4454 FJiiSE'i'tis'iil'b'iétf
739 4369 810 4451 'dé
841 4369 1605 4467 Jiifc'iir’gi"réféiijiﬁiiic'il
1643 4369 1731 4460 ῙΞζ

1844 3490 2030 3563 plures
2054 3491 2404 3563 episcopatus
2433 3502 2679 3563 tempore
2703 3487 2909 3563 liberos
2937 3491 3270 3563 suscepisse.
3297 3489 3420 3544 Ilo).-

1842 3561 1924 3633 λοι
1952 3561 2060 3632 γὰρ
2091 3561 2271 3614 αὐτῶν
2295 3563 2354 3633 ὲν
2385 3562 2465 3633 τῷ
2498 3561 2673 3633 καιρῷ
2704 3562 2803 3631 τῆς
2838 3561 3143 3633 ἐπισκοπῇς
3177 3564 3270 3617 καὶ
3296 3564 3420 3633 παῖς

1840 3631 1947 3702 δας
1964 3631 2041 3683 ὲκ
2056 3634 2156 3702 τῆς
2180 3631 2411 3702 νομίμου
2435 3631 2683 3702 γαμετῆς
2703 3633 3054 3702 πεποιήκασι.
3079 3631 3418 3686 Thessaliam

1832 3701 2038 3772 excipit
2071 3701 2453 3772 etillrteciam,
2484 3701 2537 3757 in
2577 3701 2808 3771 quarum
2843 3701 3104 3758 Ecclesiis
3124 3702 3418 3772 cimlibatus

1835 3771 2074 3840 vigebat.
2128 3771 2234 3825 Sed
2287 3773 2332 3825 si
2372 3788 2500 3826 vera
2550 3772 2684 3827 dicit
2717 3772 2994 3837 Socrates,
3025 3788 3091 3826 ex
3127 3771 3417 3840 Epiphanii

1835 3841 2109 3912 sententia
2144 3842 2586 3911 respondendum
2617 3841 3070 3912 estLt‘tbicnnqne
3111 3841 3315 3912 factum
3349 3843 3419 3895 il-

1835 3911 1925 3964 lud
1975 3918 2106 3984 est,
2161 3908 2574 3984 ex'discipliuae
2622 3908 3415 3984 [LXXXIV]‘_ecclesias_t_iea2

1835 3981 2146 4051 corruptela
2161 3994 2444 4051 manasse.
2476 3981 2798 4051 Quanquam
2831 3983 2885 4035 in
2907 3981 3190 4051 episcopis
3212 3981 3417 4051 nullam

1834 4050 2580 4121 ejusmodidepravationem
2611 4050 2878 4106 accidisse
2905 4050 3241 4121 Epiphanius
3272 4050 3416 4105 indi-

1833 4120 2170 4192 cat,__sed_in
2205 4121 2542 4192 presbyteris
2574 4130 2633 4192 iet
2663 4121 2912 4192 diaconis
2945 4120 3178 4192 tantum.

1904 4189 2016 4262 (49)
2048 4189 2167 4256 Τὴν
2208 4189 2706 4262 καθωμιλημένην
2732 4190 3093 4262 ἀνάστασιν,
3121 4189 3193 4262 Ut
3227 4190 3420 4262 seba-

1832 4259 1964 4314 bent
1995 4259 2108 4314 haec
2141 4260 2328 4332 verba,
2351 4275 2458 4314 non
2483 4259 2805 4332 simpliciter
2829 4276 3028 4330 negare
3044 4261 3261 4332 videtur
3289 4261 3419 4315 dmi-

1833 4345 2041 4404 c‘ra‘qtv,
2073 4329 2166 4384 sed
2193 4331 2334 4398 ἱερόν
2356 4347 2407 4384 τι
2441 4332 2535 4404 καὶ
2562 4329 2872 4404 ἀπόρρητον
2904 4329 3158 4404 appellat,
3190 4332 3334 4400 quod
3363 4333 3417 4385 in

1841 4399 2120 4453 meliorem
2155 4407 2364 4468 partem
2399 4401 2574 4470 accipi
2619 4399 2819 4471 ptitest,
2855 4399 3013 4471 quasi
3048 4414 3160 4454 rem
3201 4399 3418 4454 sacram

156 4468 263 4521 hoc
294 4477 378 4558 est
409 4483 552 4550 atnto
580 4464 1193 4558 400,ptll.trysostomum
1243 4467 1296 4520 in
1333 4469 1515 4558 Asiam
1553 4469 1734 4536 profe-
1766 4464 1810 4519 D
1838 4479 1895 4558 ξι
1921 4464 2414 4558 ειιςεειιιειιήῶἔιθαιις
2446 4464 3074 4558 v’qipp'comntittepdam
3105 4471 3415 4558 esse‘tl'icat.

155 4547 308 4591 ctum
339 4539 674 4592 Antoninum
710 4537 1042 4607 Ephesinum
1077 4537 1394 4606 episcopum
1421 4538 1732 4601 damnasse,

156 4609 303 4676 quod
332 4624 454 4662 cum
489 4608 644 4661 uxori
675 4608 1068 4670 renuntiasset,
1111 4622 1308 4661 rursus
1345 4623 1471 4662 cum
1505 4621 1570 4662 ea
1603 4623 1736 4661 cutt-

157 4679 506 4731 suetudinem
548 4677 848 4731 habuisset.

227 4746 307 4802 Ex
343 4750 447 4801 hoc
475 4762 607 4800 vero
656 4745 872 4816 Synesii
917 4747 1039 4800 loco
1074 4746 1307 4801 Grazculi
1339 4762 1613 4800 eanomtm
1651 4747 1735 4800 in-

157 4824 430 4885 terpretes
465 4817 891 4886 redarguuntur,
940 4817 1185 4872 Zonaras
1217 4823 1272 4870 et
1292 4818 1557 4886 Balsamo
1582 4856 1597 4880 ,
1642 4816 1736 4885 qui

155 4887 228 4940 ad
267 4902 390 4941 can.
423 4886 457 4941 5
487 4885 664 4955 apost.
704 4895 758 4941 et
792 4885 1110 4955 Trullanum
1146 4887 1214 4941 l2
1251 4885 1576 4949 observant,
1615 4894 1740 4939 ante

155 4965 372 5011 sextam
409 4954 678 5026 synOdum
715 4957 798 5011 fas
838 4954 1112 5026 episcopis
1158 4956 1329 5010 fuisse
1367 4971 1566 5010 uxores
1600 4955 1740 5026 ireti-

157 5042 326 5090 nere,
364 5025 490 5081 cum
534 5027 715 5096 iisque
743 5025 1140 5088 consuescere,
1193 5039 1332 5095 quas
1361 5034 1487 5096 ante
1516 5025 1739 5096 ordina-

157 5097 364 5151 tionem
401 5093 732 5158 babuerunt,
775 5093 1238 5165 quemadmodum
1280 5093 1740 5165 sacerdotibusret

154 5167 408 5220 diaconis
443 5165 617 5219 licuit.
645 5163 985 5220 Nam—Graeci
1010 5165 1343 5234 presbyteris
1376 5172 1430 5218 et
1467 5163 1736 5227 diaconis,

155 5245 454 5305 antequam
481 5245 896 5300 consecrentur,
929 5249 1129 5288 uxores
1156 5235 1358 5305 dueere
1387 5235 1736 5305 permittunt;

157 5316 284 5374 post
309 5303 728 5360 ordinationem
779 5320 912 5360 vero
961 5319 1070 5358 non
1119 5303 1353 5372 amplius
1392 5303 1737 5374 concedunt.

156 5373 314 5429 lianc
351 5389 482 5429 vero
507 5375 782 5429 licentiam
820 5374 1057 5444 primum
1093 5373 1146 5426 in
1187 5381 1341 5427 sexta
1383 5373 1594 5442 synodo
1625 5374 1741 5440 epi-

153 5446 342 5514 scopis
383 5444 622 5514 oblatam
657 5459 781 5499 esse
825 5446 1072 5498 sentiunt
1103 5444 1233 5506 isti;
1270 5457 1426 5514 quos
1453 5444 1739 5514 superiora

155 5510 474 5569 testimonia
501 5513 765 5569 falsitatis
787 5522 840 5569 et
862 5515 1094 5568 inscitia:
1123 5510 1479 5568 convincunt.
1513 5510 1654 5577 Quin
1685 5520 1738 5565 et

157 5586 420 5639 Socrates
470 5583 771 5647 refellitur,
825 5584 918 5653 qui
960 5584 1055 5637 lib.
1107 5599 1172 5643 v,
1227 5597 1350 5652 cap.
1403 5581 1496 5653 22,
1548 5582 1743 5653 scribit

151 5655 402 5708 Orientis
451 5655 779 5724 episcopos,
830 5651 876 5724 si
925 5654 1059 5722 ipsis
1107 5651 1310 5714 libeat,
1368 5651 1742 5724 abAuxoribus

157 5721 621 5796 abstinere;‘cogi
641 5721 829 5780 tamen
857 5721 1086 5779 invitum
1112 5724 1382 5780 neminem
1412 5740 1424 5777 :
1457 5721 1565 5777 imo
1592 5736 1743 5776 cont-

1840 4535 1933 4610 S_ic
1966 4537 2290 4610 in_fra,__'l"hv
2327 4535 2430 4609 μὲν
2463 4535 2719 4608 ἀλήθειαν
2748 4539 3060 4610 τῶν-θείων
3107 4540 3419 4610 ἀπόρρητον

1837 4604 1975 4661 εἶναι
2006 4608 2106 4662 δεῖ.
2145 4604 2345 4663 γοιίιιιιί
2368 4611 2510 4676 quod
2539 4604 2769 4664 subinde
2799 4608 3010 4678 adjicit,
3039 4624 3147 4662 non
3176 4604 3237 4662 se
3255 4604 3418 4678 posse

1837 4693 1962 4731 cum
2004 4677 2169 4742 vulgo
2206 4679 2558 4741 consentire,
2605 4687 2660 4733 et
2711 4677 2879 4732 falsis
2903 4677 3265 4744 dogmatibus
3292 4694 3420 4734 esse

1837 4747 2220 4818 decipiendum
2269 4749 2550 4818 populum,
2586 4758 2909 4818 argumento
2957 4754 3106 4811 sunt,
3138 4748 3205 4802 de
3234 4763 3420 4818 resur-

1839 4816 2085 4872 rectione
2108 4819 2266 4888 aliter
2279 4817 2586 4888 _ipsum,ac
2610 4816 2919 4888 cennnunis
2946 4825 3002 4872 et
3018 4819 3235 4888 vulgata
3261 4816 3418 4871 Chri-

1840 4888 2147 4941 stianorum
2205 4885 2441 4940 habebat
2493 4886 2667 4949 fides.
2721 4886 3088 4941 existimasse.
3118 4885 3416 4940 'Nimirum

1838 4955 2136 5026 Platonici
2161 4971 2333 5025 genus
2375 4956 2675 5026 quoddami
2701 4956 3122 5026 resurrectionis
3170 4965 3418 5010 mortuo-

1839 5041 1960 5079 rum
1997 5023 2376 5081 admittebant.
2394 5023 2802 5094 'Quippe'Plato
2831 5026 2885 5079 in
2912 5023 3174 5080 Phaedone
3200 5025 3419 5079 immor-

1839 5096 1977 5150 tales
2013 5095 2294 5165 hominum
2344 5111 2466 5149 esse
2506 5096 2719 5150 animas
2751 5110 2814 5148 ex
2864 5095 3237 5165 eordisputat,
3269 5095 3418 5165 quod

1840 5180 2068 5220 necesse
2091 5164 2162 5217 sit
2185 5165 2589 5218 contrariorum
2621 5179 2743 5219 esse
2773 5164 3230 5235 vicissitudinem,
3256 5164 3421 5235 atque

1842 5250 1871 5288 a
1905 5235 2015 5288 vita
2049 5235 2115 5288 ad
2161 5243 2413 5300 mortem,
2457 5241 2511 5287 et
2561 5249 2590 5288 a
2633 5242 2807 5288 morte
2855 5234 3098 5288 vicissim
3141 5234 3208 5287 ad
3254 5234 3420 5288 vitam

1843 5304 1958 5358 fieri
2013 5304 2351 5374 transitum,
2399 5303 2543 5374 quod
2608 5304 2699 5374 ille
2750 5311 2909 5358 vocat
2959 5302 3416 5363 ἁναὸιώσκεσθαι,

1842 5374 2163 5455 reviviscere.
2204 5372 2317 5427 Hoc
2347 5372 2476 5428 vero
2505 5373 2587 5427 sic
2620 5373 2971 5455 interpretor,
3008 5381 3069 5426 ut
3113 5374 3325 5455 animas
3351 5389 3418 5451 ex

1842 5444 1964 5498 aliis
1986 5445 2040 5497 in
2067 5445 2172 5496 alia
2204 5457 2436 5512 corpora
2470 5441 2784 5497 transfundi
2806 5445 2964 5508 velit;
3004 5441 3420 5512 quodAPlatonis

1842 5514 1985 5566 inter
2007 5513 2244 5583 decreta
2263 5509 2530 5583 Diogenes
2563 5513 2812 5570 Laertius
2841 5509 3112 5583 recenset.
3153 5509 3245 5563 Sic
3269 5511 3416 5583 enim

1843 5583 2169 5637 reviviscere
2197 5578 2451 5637 dicebant
2479 5583 2572 5651 qui
2604 5594 2758 5637 erant
2786 5582 3008 5636 mortui.
3046 5581 3124 5634 Ita
3153 5593 3284 5650 ergo
3314 5578 3418 5648 Sy-

1845 5652 2057 5706 nesium
2092 5659 2224 5721 puto
2265 5652 2726 5708 resurrectionem
2773 5651 3146 5713 intellexisse,
3189 5663 3315 5703 cum
3358 5661 3420 5703 se

1843 5723 2000 5796 aliter
2025 5736 2087 5779 ac
2120 5723 2313 5795 vulgus
2344 5721 2412 5778 de
2439 5736 2502 5779 ea
2537 5721 2742 5778 sentire
2771 5721 2922 5777 dicit.
