3838 6236
210 346 368 404 uss
1365 316 1761 399 EPISTULA-1
1788 366 1857 378 —
1895 334 2116 393 EPIST.
2160 335 2341 394 cvm.
3367 332 3535 440 uso:

219 461 518 517 admodum
547 462 717 532 probe
745 462 929 519 omnia
962 465 1113 519 norit
1142 462 1435 536 perspicue
1468 451 1607 515 mihi
1638 454 1988 530 signiﬁcans,
2022 457 2096 512 ita
2143 456 2211 512 de
2242 455 2452 527 meipso
2488 462 2720 511 statuat.
2788 456 2898 511 Aut
2930 456 3078 510 enim
3132 467 3254 509 meo
3296 467 3383 507 me
3448 451 3505 505 in

212 557 345 617 vitae
410 567 561 614 statu
622 560 956 629 persistere,
1012 576 1080 615 ac
1141 573 1358 615 mecum
1418 553 1804 628 philosophari
1845 553 2164 624 permittet;
2216 551 2535 621 autjudicii
2594 551 2663 606 de
2705 566 2792 607 me
2834 561 3024 623 postea
3070 549 3304 615 ferendi,
3370 546 3504 602 mei-

204 664 326 719 que
368 650 439 704 ab
485 650 788 722 episcopali
835 653 1035 709 ordine
1095 651 1405 721 deponendi
1471 651 1654 705 locum
1706 646 1815 705 sibi
1854 645 2068 701 nullum
2115 646 2410 715 relinquet.
2446 643 2583 699 Cum
2627 645 2713 700 his
2746 644 2853 698 alia
2900 642 3090 698 omnia
3162 640 3398 696 consilia
3454 638 3501 694 si

215 752 625 813 comparentur,
685 760 843 817 nugis
892 752 1023 802 sunt
1062 760 1249 800 merae.
1296 742 1597 799 Veritatem
1648 740 1797 797 enim
1839 739 1960 794 scio
2028 737 2138 793 Deo
2180 735 2454 807 imprimis
2496 744 2775 806 acceptam
2804 751 2948 791 esse.
2994 734 3071 788 Ac
3137 747 3235 804 per
3277 746 3501 787 sacrum
3539 734 3562 817 "

172 866 181 870 ι
216 804 383 902 caput
413 842 565 889 tuum
600 804 874 905 jure,vet,
923 835 1073 906 quod
1104 850 1170 891 eo
1200 833 1332 889 mihi
1375 833 1667 902 antiquius
1734 837 1841 893 est,
1884 843 1983 899 per
2022 804 2273 882 veritatis
2336 804 2644 897 prazsidcnr
2678 827 2868 889 Deum,
2916 825 3142 878 moleste
3174 821 3227 876 id
3279 818 3499 889 quidem
3532 804 3556 901 ἃ

212 926 355 979 fero.
397 926 504 993 Qui
540 929 689 984 enim
733 944 847 985 non
879 930 1131 995 debeam,
1169 942 1294 983 cum
1342 942 1430 982 me
1478 926 1550 981 ab
1615 939 1728 980 uno
1776 921 1846 977 ad
1883 920 2033 975 aliud
2075 922 2198 976 vitae
2250 935 2425 992 genus
2474 920 2785 990 demigrare
2843 931 3070 971 necesse
3097 914 3211 970 sit?
3279 910 3387 966 Sed
3450 909 3496 962 si

200 1025 569 1086 posteaquam
631 1016 733 1073 ista
795 1017 1090 1074 manifesta
1138 1016 1380 1081 fuerint,
1440 1031 1565 1086 quae
1624 1012 1795 1069 celari
1836 1011 2063 1066 minime
2096 1010 2245 1078 volo,
2302 1011 2359 1066 in
2391 1012 2773 1082 episcoporum
2821 1022 3110 1062 numerum
3170 1021 3271 1060 nos
3323 1001 3499 1057 ascri-

206 1107 326 1171 iiat,
363 1107 451 1163 cui
483 1108 606 1178 ejus
633 1118 878 1180 potestas
907 1127 938 1166 a
969 1110 1080 1167 Deo
1116 1110 1417 1166 commissa
1450 1117 1537 1165 est
1577 1124 1593 1163 :
1629 1106 1821 1179 cedam
1861 1103 2220 1169 necessitati,
2274 1118 2340 1159 ac
2392 1112 2654 1175 tanquam
2709 1101 2980 1157 divinitus
3044 1098 3282 1153 oblatam
3324 1106 3495 1151 lesse-

214 1211 331 1251 ram
370 1199 655 1270 accipiam.
690 1199 769 1256 Ita
786 1202 940 1257 enim
977 1203 1118 1273 apud
1142 1218 1229 1259 me
1257 1201 1562 1259 existimo:
1593 1200 1640 1256 si
1706 1197 1837 1268 quid
1912 1195 2045 1251 mihi
2092 1204 2188 1250 aut
2234 1196 2534 1266 imperatur
2581 1194 2882 1266 praecipiat,
2928 1200 3025 1247 aut
3075 1189 3262 1245 infelix
3301 1188 3490 1244 nescio

209 1292 337 1359 quis
368 1293 718 1363 Augustalis,
754 1311 949 1365 pinnas
982 1297 1171 1368 utique
1198 1286 1345 1361 dem,
1380 1296 1489 1352 nisi
1519 1293 1799 1350 mandatis
1834 1291 2234 1361 obtemperem.
2265 1290 2373 1346 Deo
2401 1300 2583 1347 autem
2615 1298 2814 1362 sponte
2859 1284 3350 1358 obtemperandum
3384 1292 3486 1338 est.

200 1383 367 1447 Quod
398 1387 445 1441 si
476 1386 805 1448 administro
837 1407 925 1447 me
959 1393 1039 1446 uti
1076 1392 1315 1448 noluerit
1363 1391 1543 1455 Deus,
1580 1391 1666 1446 vel
1708 1390 1830 1459 ipso
1864 1387 2051 1443 statim
2094 1388 2253 1443 initio
2292 1387 2563 1442 bonorum
2600 1386 2846 1440 omnium
2889 1384 3049 1454 longe
3082 1380 3487 1438 divinissimum

208 1475 518 1533 adamanda
580 1484 786 1539 veritas
830 1493 918 1539 est
971 1485 1155 1555 potius
1215 1501 1380 1557 quam
1434 1492 1496 1540 ut
1570 1481 1855 1538 contraria
1930 1479 2171 1535 maxime
2228 1480 2466 1544 ratione,
2530 1477 2842 1546 cujusmodi
2903 1476 3249 1531 mendacium
3284 1481 3390 1537 est,
3428 1473 3487 1527 in

202 1561 534 1624 .famuiatum
568 1570 719 1627 illius
748 1574 1008 1644 irrepam.
1041 1575 1409 1642 Quamobrem
1437 1590 1569 1631 cura
1609 1582 1670 1629 ut
1709 1572 1825 1627 tunc
1858 1584 1889 1625 a
1916 1568 2269 1626 scholasticis
2304 1569 2701 1639 intelligantur,
2738 1575 2793 1623 ct
2826 1567 2893 1621 ad
2924 1566 3080 1621 illum
3117 1565 3484 1636 perferantur.

732 1688 1085 1743 ΕΠιΣτοΑΗ
1125 1689 1264 1759 Pq'.

2441 1685 2783 1742 EPISTOLA
2813 1683 2951 1740 CVI.

246 1842 247 1845 η
849 1781 933 1845 Τῷ
973 1781 1155 1846 αὐτῷ.

287 1864 532 1938 Ἦρόμην
550 1868 618 1921 τὸ
651 1870 935 1942 μειράκιον
973 1874 1115 1945 ὑπὲρ
1145 1874 1240 1927 τοῦ
1286 1875 1520 1945 σιλφίου,
1565 1876 1792 1946 πότερον

194 1955 317 2011 ἀπὸ
342 1960 615 2032 γεωργίας
645 1964 727 2016 σοὶ
756 1965 998 2033 γέγονεν,
1031 1966 1064 2037 ἥ
1095 1967 1265 2038 δῶρον
1298 1967 1502 2032 λαϐὼν,
1544 1966 1668 2020 ἔθου
1702 1984 1792 2037 με·

201 2048 327 2118 ρίδα
359 2049 547 2121 κάμοί.
594 2052 703 2105 Καὶ
748 2053 883 2123 δῆτα
917 2054 1105 2123 μαθὼν
1154 2056 1232 2119 ώς
1263 2056 1323 2110 τὸ
1360 2055 1790 2126 σπουδαζόμενον

190 2136 313 2191 {me
345 2137 439 2190 σοῦ
471 2141 667 2210 κηπίον
693 2143 832 2214 πρὸς
877 2144 1047 2197 ἅπασι
1091 2145 1186 2199 καὶ
1224 2145 1415 2199 τοῦτον
1446 2146 1669 2216 ἐκόμισε
1700 2146 1789 2199 τὸν

197 2229 436 2300 καρπὸν,
463 2231 637 2303 ἥσθην
663 2233 846 2305 διπλῇ,
870 2235 947 2304 τῷ
976 2252 1035 2287 τε
1062 2237 1249 2290 κάλλει
1271 2237 1365 2291 τοῦ
1405 2238 1659 2309 λαχάνου,
1693 2238 1788 2290 καὶ

196 2322 269 2391 τῇ
304 2322 460 2393 φήμῃ
492 2323 585 2389 τοῦ
606 2325 793 2378 τόπου.
831 2328 1020 2379 Ὄναιο
1058 2326 1152 2379 τοῦ
1209 2329 1502 2401 παμφόρου
1545 2330 1743 2401 χωρίου
1768 2346 1782 2359 ⁸

190 2412 299 2464 καὶ
332 2414 467 2483 μήτε
487 2415 551 2468 σὺ
586 2416 782 2487 κάμοις
820 2420 1099 2474 ἐπαντλῶν
1144 2423 1264 2483 ταῖς
1314 2420 1599 2489 φιλτάταις
1641 2439 1783 2490 πρα-

200 2507 376 2568 σιαῖς·
406 2508 532 2576 μήτ’
569 2508 772 2562 ἐκεῖναί
806 2527 935 2565 ποτε
966 2510 1103 2580 πρὸς
1127 2511 1225 2575 τὰς
1248 2512 1442 2574 ὠδῖνας
1472 2512 1783 2582 ἀπαγορεύ-

184 2614 375 2662 σειαν,
410 2601 475 2654 ἵν’
502 2604 633 2673 ἔχῃς
676 2603 838 2666 αὐτός
872 2622 934 2657 τε
978 2604 1245 2677 χρῆσθαι,
1270 2607 1365 2659 καὶ
1393 2608 1524 2676 ἡμῖν
1549 2604 1783 2675 διαπέμ-

190 2701 324 2738 πειν
355 2687 454 2741 ὅσα
470 2688 728 2762 φέρουσιν
758 2685 920 2763 ὧραι.

730 2962 1083 3018 ΕΠΙΣΤΟΛΠ
1124 2966 1243 3019 PZ’.

840 3054 925 3122 Τῷ
960 3056 1143 3123 αὐτῷ.

268 3152 438 3218 Ἦδὺς
470 3149 522 3208 εἴ
547 3153 774 3209 κωλύων
800 3154 943 3224 ἡμᾶς
961 3151 1101 3206 ὅπλα
1124 3150 1652 3215 κατασκευάζεσθαι,
1675 3151 1782 3204 τῶν

184 3244 470 3315 πολεμίοιν
524 3245 622 3316 μὲν
672 3245 997 3315 ἐπεχόντων,
1032 3243 1128 3296 καὶ
1156 3243 1308 3296 λείαν
1344 3241 1560 3295 ἅπαντα
1599 3258 1783 3294 ποιου-

192 3335 396 3402 μένων,
411 3336 506 3389 καὶ
523 3335 978 3405 ἀποσφαττόντων
1007 3333 1275 3405 ὁσημέραι
1292 3333 1496 3402 δήμους
1527 3330 1594 3383 ἀθ
1604 3330 1777 3401 ρόους,

178 3427 543 3495 στρατιωτῶν
567 3427 632 3481 δέ
659 3428 759 3480 οὐκ
792 3427 984 3491 ὄντων,
1011 3425 1153 3478 ὥστε
1192 3427 1287 3479 καὶ
1317 3422 1621 3494 φαίνεσθαι.
1647 3416 1781 3476 Εἶτα

174 3516 363 3580 ’λέξεις
387 3517 463 3581 ώς
490 3518 590 3571 οὐκ
636 3517 757 3582 ἐξὸν
808 3518 1025 3580 ἰδιώτας
1075 3516 1399 3587 ἀνθρώπους
1432 3515 1775 3585 ὁπλοφορεῖν,

182 3606 558 3677 ἀποθνήσκειν
584 3609 641 3663 δὲ
664 3609 807 3674 ἐξὸν,
838 3610 997 3681 εἴπερ
1032 3609 1125 3662 καὶ
1171 3611 1204 3678 ἡ
1247 3607 1493 3661 πολιτεία
1523 3606 1780 3677 χαλεπαί-

172 3687 415 3769 statim.
451 3698 794 3771 χαλεπαίνοι]
828 3698 905 3769 τῷ
934 3698 1260 3769 πειρωμένῳ
1297 3696 1601 3762 σώζεσθαι;
1638 3695 1776 3747 Ἀλλ’

172 3790 236 3840 εἰ
263 3789 428 3860 μηδὲν
463 3789 592 3843 ἄλλο
620 3788 886 3860 κερδανῶ,
907 3789 967 3841 τὸ
997 3787 1129 3856 γοῦν
1156 3789 1284 3851 τοὺς
1302 3788 1500 3857 νόμους
1521 3785 1777 3855 γενέσθαι

176 3879 414 3949 κυρίους
439 3879 561 3931 ἀντὶ
579 3878 785 3932 τούτων
802 3879 911 3932 τῶν
929 3878 1262 3950 ἀλαστόρων.
1282 3878 1392 3930 Καὶ
1418 3877 1581 3930 πόσου
1602 3876 1776 3939 δοκεῖς

172 3970 346 4024 τοῦτο
366 3969 633 4041 τιμῶμαι,
669 3971 831 4023 πάλιν
860 3971 1082 4040 είρήνην
1130 3969 1277 4034 ἰδεῖν,
1312 3970 1404 4023 καὶ
1435 3968 1588 4038 βῆμα
1617 3984 1777 4021 κεκο-

183 4061 489 4132 σμημένον,
538 4062 633 4116 καὶ
682 4064 903 4132 κήρυκα
939 4061 1097 4133 σιγὴν
1127 4061 1523 4127 ἐπιτάττοντα;
1565 4060 1775 4114 Αὐτίκα

178 4150 462 4223 τεθναίην,
526 4152 587 4206 τὸ
646 4152 862 4225 πρῶτον
913 4154 1100 4226 σχῆμα
1128 4153 1231 4224 τῆς
1279 4152 1540 4224 πατρίδος
1571 4152 1774 4206 ἀπολα-

174 4240 408 4313 ϐούσης.

726 4433 1076 4486 ΕΠΙΣῚὊΛΗ
1113 4433 1241 4487 PH'.

830 4523 913 4589 Τῷ
940 4522 1123 4590 αὐτῷ.

265 4613 423 4683 Ἐμοὶ
470 4613 658 4684 λόγχαι
712 4614 812 4683 μὲν
845 4614 945 4685 ήδη
1000 4615 1259 4683 γεγόνασι
1305 4615 1636 4685 τριακόσιαι,
1678 4617 1773 4669 καὶ

180 4704 401 4767 κοπίδες
422 4704 684 4757 τοσαῦται
713 4704 825 4773 (5‘2)
855 4721 869 4736 ο
910 4705 1036 4775 ξίφη
1074 4705 1132 4759 δὲ
1178 4708 1411 4777 ἀμφήκη
1445 4708 1540 4760 καὶ
1571 4708 1770 4778 πρότε-

174 4808 276 4861 ρον
305 4786 373 4861 ἦν
404 4792 465 4844 οὐ
492 4791 661 4847 πλείω
697 4792 805 4846 τῶν
834 4792 987 4848 δέκα.
1007 4794 1143 4864 Παρ*
1170 4798 1304 4866 ἡμῖν
1331 4796 1388 4849 δέ
1416 4797 1477 4849 οὐ
1506 4796 1771 4866 χαλκεύε-

174 4900 271 4936 1ιξαι
290 4884 359 4936 τὰ
387 4885 528 4939 πάνυ
554 4885 814 4956 προμήκη
845 4885 1017 4938 ταῦτα
1049 4885 1286 4957 σιδήρια.
1323 4886 1464 4939 Ἀλλ’
1484 4885 1636 4958 οἶμαι
1667 4889 1766 4953 τὰς

174 4972 407 5035 κοπίδας
440 4973 917 5045 ἐρρωμενέστερον
948 4974 1241 5044 ἐμϐάλλειν
1270 4978 1383 5040 τοῖς
1414 4976 1525 5030 τῶν
1554 4980 1766 5031 ἀντιτε-

174 5058 468 5127 ταγμένων
502 5057 741 5130 σώμασι.
783 5060 1006 5125 Τούτοις
1030 5057 1125 5116 οὖν
1158 5064 1494 5135 χρησόμεθα.
1532 5068 1594 5120 Ei
1624 5084 1763 5138 χρη-

172 5147 332 5200 στέον
351 5148 429 5213 δὲ,
460 5148 555 5202 καὶ
574 5149 812 5221 κορύνας
851 5151 1065 5222 ἕξομεν.
1116 5153 1337 5222 Ἀγαθοὶ
1375 5156 1433 5208 δὲ
1469 5159 1518 5210 oi
1557 5157 1760 5211 κότινοι

173 5241 309 5310 παρ’
340 5242 495 5311 ἡμῖν.
535 5241 729 5305 Ἐνῑοις
754 5242 813 5296 δὲ
844 5244 1002 5314 ἡμῶν
1039 5246 1147 5299 είσι
1178 5247 1271 5300 καὶ
1305 5248 1556 5313 πελέκεις
1578 5251 1761 5323 ἐτερόο

173 5350 366 5404 στόμα
391 5334 524 5405 περὶ
549 5336 649 5408 τὴν
684 5336 861 5407 ζώνην
893 5337 1129 5410 ἑκάστῳ,
1168 5335 1250 5405 οἷς
1281 5341 1380 5405 τὰς
1403 5343 1637 5407 ἀσπίδας
1664 5346 1762 5398 αὺ-

2589 1778 2799 1833 Eidem.

1968 1870 2040 1926 De
2076 1871 2366 1942 Iaserpitio
2392 1872 2459 1927 ab
2499 1871 2847 1928 adolescente
2879 1871 3130 1941 quaesivi,
3156 1869 3313 1940 251
3351 1883 3482 1923 num

1892 1978 1958 2018 ex
2001 1965 2217 2016 cultura
2276 1963 2372 2017 tibi
2433 1963 2809 2032 provenisset;
2857 1978 2925 2016 an
2986 1977 3054 2017 eo
3101 1962 3198 2014 tibi
3258 1974 3484 2015 munere

1891 2056 2024 2109 dato
2051 2065 2264 2125 partem
2295 2057 2428 2109 mihi
2467 2057 2835 2126 seposuisses.
2874 2054 3185 2123 Statimque
3230 2060 3290 2107 ut
3325 2051 3483 2106 intel-

1890 2146 2020 2214 Icari,
2050 2148 2329 2202 hortulum
2357 2148 2509 2203 illum
2542 2156 2718 2211 tuum,
2746 2147 2909 2218 cujus
2937 2154 3225 2215 tantopere
3260 2141 3478 2199 studio—

1890 2254 1986 2294 sus
2031 2254 2113 2300 es.
2157 2249 2365 2310 praeter
2418 2241 2526 2293 alia
2576 2241 2785 2303 omnia,
2839 2240 2985 2293 hunc
3032 2238 3196 2293 etiam
3240 2236 3477 2290 fructum

1888 2328 2145 2383 attulisse
2175 2367 2190 2392 ,
2221 2328 2517 2399 dupliciter
2545 2330 2771 2399 gavisus
2811 2343 2957 2390 sum,
2990 2342 3116 2381 cum
3161 2325 3329 2381 oleris
3355 2324 3479 2395 pul-

1887 2421 2223 2486 chritudine,
2264 2431 2375 2476 tum
2426 2422 2528 2475 lori
2582 2422 2729 2477 illitis
2769 2420 2933 2475 fama.
2972 2419 3147 2474 Macte
3196 2425 3315 2473 esto
3366 2427 3478 2471 tam

1887 2515 2054 2571 fertili
2094 2525 2260 2580 atque
2294 2517 2445 2570 nheri
2482 2518 2723 2585 prmdio:
2761 2531 2863 2570 nec
2902 2522 2960 2569 tu
2994 2528 3233 2581 unquam
3266 2510 3478 2565 charis-

1887 2610 2059 2664 simas
2094 2609 2307 2664 areolas
2346 2609 2581 2679 irrigans
2624 2609 2907 2678 fatigeris;
2940 2621 3041 2661 nec
3082 2605 3185 2658 ἱΙΙευ
3213 2605 3281 2658 ad
3324 2603 3476 2672 ejus-

1887 2698 2037 2752 modi
2068 2709 2263 2768 partus
2310 2700 2468 2753 lassae
2521 2712 2761 2767 unquam
2813 2695 3098 2764 effetaque
3144 2695 3276 2755 sint,
3310 2700 3371 2746 ut
3419 2698 3476 2747 ct

1885 2789 2063 2843 utaris
2094 2790 2234 2857 ipse,
2271 2797 2324 2843 et
2366 2789 2433 2842 ad
2490 2804 2591 2844 nos
2623 2789 2838 2843 mittere
2885 2789 3089 2858 possis,
3131 2798 3475 2856 quamunque

1885 2880 2243 2950 tempestates
2289 2882 2488 2935 ferunt.

2416 2972 2761 3028 EPISTOLA
2792 2971 2951 3027 CVII.

2579 3063 2767 3117 Eidem

1956 3153 2245 3210 Jucundus
2265 3171 2350 3219 es,
2373 3170 2500 3210 cum
2527 3171 2628 3211 nos
2649 3169 2800 3209 arma
2822 3170 3149 3225 comparare
3170 3153 3465 3225 prohibes;

1880 3241 2140 3298 hostibus
2172 3244 2277 3297 late
2310 3244 2497 3297 omnia
2530 3244 2869 3309 tenentibus,
2919 3243 3218 3312 omniaque
3249 3242 3462 3312 (lepra:-

1885 3332 2166 3395 dantibus,
2205 3340 2370 3400 atque
2404 3333 2459 3387 in
2486 3332 2606 3386 dies
2640 3332 2884 3401 integros
2915 3332 3148 3400 populos
3170 3328 3465 3400 jugulanti-

1885 3422 2009 3487 bus,
2036 3438 2159 3477 cum
2183 3438 2362 3493 neque
2395 3423 2554 3478 miles
2582 3423 2727 3478 ullus
2753 3422 2915 3485 adsit,
2948 3422 3042 3491 qui
3066 3421 3283 3491 quidem
3316 3434 3469 3475 com-

1884 3522 2089 3583 pareat.
2126 3514 2258 3580 Quze
2291 3530 2417 3568 cum
2472 3515 2547 3568 ita
2582 3516 2713 3578 sint,
2751 3522 3009 3569 tamenne
3039 3512 3205 3568 licere
3237 3510 3466 3582 negabis

1876 3604 2113 3674 privatis
2144 3604 2457 3660 hominibus
2483 3620 2637 3659 arma
2666 3604 2813 3661 ferre
2851 3605 2874 3657 ἲ
2904 3604 3040 3657 Mori
3076 3612 3255 3658 autem
3298 3602 3465 3657 licere

1880 3700 2059 3762 dices,
2094 3697 2143 3751 si
2192 3697 2262 3753 iis
2310 3698 2405 3768 qui
2454 3698 2618 3752 saluti
2651 3713 2766 3754 suae
2799 3699 3111 3759 consulant,
3141 3710 3288 3765 resp.
3332 3708 3464 3749 suc-

1880 3790 2150 3845 censeat?
2178 3786 2382 3849 Verum
2415 3789 2461 3843 si
2497 3788 2635 3843 nihil
2671 3788 2845 3855 aliud,
2882 3788 2987 3842 hoc
3008 3788 3202 3843 saltem
3238 3784 3463 3840 lucrifa-

1879 3882 2044 3945 ciam,
2080 3889 2138 3935 ut
2176 3896 2277 3950 pro
2323 3879 2684 3935 exsecrandis
2737 3880 2846 3935 illis
2900 3878 3149 3949 pestibus
3212 3877 3357 3946 leges
3393 3888 3462 3931 ac

1873 3970 2000 4039 jura
2031 3970 2401 4024 dominentur.
2429 3968 2637 4035 Quanti
2668 3984 2799 4024 vero
2834 3969 2981 4025 istud
3016 3982 3046 4021 a
3077 3982 3166 4023 me
3193 3966 3311 4021 fieri
3354 3980 3459 4035 pu-

1877 4069 1985 4126 tas,
2018 4076 2210 4131 pacem
2259 4066 2321 4115 ut
2352 4076 2573 4116 rursum
2630 4060 2865 4127 videam,
2904 4060 3147 4115 tribunal
3174 4066 3457 4121 ornatum,

1874 4164 1933 4212 et
1965 4167 2272 4225 praaconem
2304 4152 2586 4210 silentium
2622 4153 3001 4210 indicentem?
3026 4150 3313 4221 Extemplo
3342 4162 3458 4203 mo-

1876 4248 2011 4313 riar,
2042 4245 2136 4301 ubi
2166 4243 2404 4315 primum
2449 4246 2742 4317 pristinam
2791 4246 3024 4300 formam
3072 4243 3253 4313 patria
3300 4254 3460 4296 recu-

1878 4340 2107 4411 perarit.

2381 4427 2721 4484 EPISTOLA
2764 4424 2948 4482 CVIII.

2553 4520 2761 4575 Eidem.

1944 4614 2081 4670 Mihi
2114 4614 2225 4685 jam
2258 4622 2517 4671 trecentae
2542 4613 2749 4666 lancea:
2772 4608 3054 4664 fabricata:
3081 4613 3230 4670 sunt,
3258 4613 3314 4661 et
3344 4618 3455 4667 ma-

1872 4706 2067 4760 chara:
2110 4707 2387 4769 totidem;
2420 4702 2698 4771 ancipites
2748 4715 2883 4755 vero
2931 4698 3097 4770 gladii
3122 4699 3234 4769 jam
3292 4704 3453 4752 antea

1872 4808 1982 4848 non
2012 4794 2199 4864 plures
2225 4793 2417 4850 decem
2452 4792 2624 4847 fuere.
2653 4789 2812 4860 Apud
2847 4804 2948 4844 nos
2999 4797 3181 4845 autem
3216 4787 3450 4859 oblonga

1868 4885 1973 4940 ista
2004 4885 2337 4941 ferramenta
2371 4900 2483 4941 non
2512 4883 2817 4940 cuduntur.
2855 4880 2963 4937 Sed
2994 4880 3294 4937 machaeras
3327 4880 3447 4951 opi-

1870 4997 1972 5036 nor
2002 4982 2237 5037 validius
2274 4983 2331 5037 in
2371 4996 2605 5053 corpora
2629 4980 2871 5035 hostium
2900 4977 3241 5033 incumbere.
3266 4977 3447 5043 Quare

1868 5073 1936 5129 iis
1968 5080 2207 5128 utemur.
2242 5075 2421 5143 Atque
2440 5074 2606 5129 etiam
2648 5072 2695 5127 si
2731 5072 2799 5127 iis
2827 5086 2967 5141 opus
3004 5071 3097 5134 sit,
3141 5071 3327 5127 clavas
3345 5069 3445 5125 ha-

1867 5164 2135 5218 bebimus.
2165 5162 2370 5235 Optimi
2402 5165 2551 5218 enim
2574 5172 2707 5220 sunt
2737 5164 2878 5235 apud
2907 5178 3009 5218 nos
3038 5163 3283 5218 oleastri.
3311 5162 3447 5228 Qui-

1868 5257 1993 5309 dam
2029 5265 2286 5311 nostrum
2312 5271 2535 5312 secures
2556 5256 2759 5311 habent
2788 5256 2844 5310 in
2865 5270 3003 5310 zona
3038 5255 3240 5324 singuli
3274 5254 3445 5308 altera

1871 5355 2085 5402 tantum
2117 5355 2309 5404 acutas
2341 5358 2528 5419 parte;
2553 5348 2757 5417 quibus
2782 5363 2973 5404 eorum
3008 5356 3168 5403 scuta
3212 5345 3445 5401 tunden-

1418 5484 1599 5543 DION.
1643 5487 1921 5547 PETAVII
1966 5492 2196 5549 NOTxE.

170 5589 291 5671 nio,
314 5593 562 5671 ac_hoqis
596 5595 809 5671 artibus
826 5598 1149 5671 egercitato.
1176 5596 1326 5671 Hier.
1350 5599 1445 5653 lib.
1470 5599 1541 5654 De
1569 5603 1751 5671 script.

166 5662 358 5713 (celes.
388 5664 459 5739 in"
490 5662 773 5739 Serapione
803 5681 820 5718 :
854 5666 960 5739 Qui
997 5668 1061 5739 ob
1100 5668 1415 5739 elegantiam
1448 5672 1643 5739 ingenii
1676 5662 1757 5725 co-

167 5731 736 5811 gnomenﬂcholas‘tici
766 5731 977 5811 meruit.
1006 5737 1079 5792 De
1108 5731 1607 5811 hacappellationc
1632 5742 1751 5809 plu-

164 5800 330 5854 ribus
350 5801 595 5872 disputat
620 5802 941 5864 Rossvcidus
966 5816 1152 5865 noster
1172 5808 1242 5864 ad
1272 5800 1420 5864 Vitas
1450 5800 1699 5867 Patrum.

1934 5607 2047 5675 (52)
2087 5606 2199 5660 Kal
2249 5606 2495 5670 κοπίδες
2540 5604 2849 5660 τοσαῦται.
2897 5601 3256 5675 Curtius
3294 5615 3439 5675 vni:

1864 5671 2088 5744 Copidas
2120 5687 2304 5729 vocant
2344 5676 2553 5743 gladios
2594 5677 2771 5729 leviter
2798 5683 3063 5733 curvatos,
3104 5671 3333 5740 falcibus
3363 5673 3439 5726 εἰ·-

1864 5748 2036 5815 miles,
2068 5747 2211 5817 queis
2242 5748 2551 5813 appetebant
2586 5746 2877 5800 bclluarum
2905 5757 3109 5797 manus.
