3838 6236
460 344 587 400 1491

1532 350 1802 408 SYNESII
1844 352 2309 414 PTOLEMAIDIS
2350 355 2661 415 EPISCOPI

3614 356 3638 409 I
3655 356 3739 411 ειμι

434 458 538 521 Διριει
567 481 725 535 teque
745 466 1041 523 uobiscum
1077 466 1248 524 Marte
1295 469 1583 527 decertare
1624 486 1907 544 cogemus,
1935 474 2030 546 qui

2154 476 2244 530 τῶν
2279 476 2610 548 ἀλοήσαντες
2660 477 2720 531 ἐν
2773 478 2874 547 ἴσῳ
2927 479 3198 548 στήσομεν
3230 475 3432 538 αὐτοὺς
3484 475 3539 528 οἱ
3585 474 3741 543 μηδὲν

454 560 666 612 nullum
701 574 978 613 armorum
1014 561 1416 615 munimentum
1451 562 1739 620 habemus.
1774 564 2029 621 Praelium

454 659 634 703 autem
660 690 675 715 ,
708 659 977 720 quantum
1028 652 1289 722 conjicio,
1325 655 1593 723 postridie
1630 658 2030 714 committetur.

452 740 587 795 Nam
617 755 743 795 cum
777 740 1021 796 hostium
1057 742 1283 813 quidam
1317 745 1373 800 in
1409 746 1788 815 speculatores
1811 756 2033 805 nostros

452 832 802 899 incidissent,
837 833 1086 904 totisque
1148 835 1362 891 viribus
1404 836 1640 893 insecuti
1695 848 1904 903 essent,
1938 836 2033 895 ubi

450 926 759 983 velociores
782 942 879 982 eos
912 942 1056 992 esse,
1089 942 1254 997 quam
1302 938 1361 982 ut
1408 930 1530 1001 capi
1580 939 1829 1002 possent,
1866 946 2036 1002 agno-

451 1025 693 1084 verunt,
729 1018 1049 1072 renuntiare
1080 1018 1238 1074 nobis
1256 1019 1573 1089 jusserunt,
1603 1038 1725 1093 quae
1751 1023 2038 1093 jucundiso

454 1108 593 1161 sima
641 1107 803 1178 252
838 1119 1012 1175 sunt;
1046 1110 1092 1164 si
1140 1111 1402 1166 nimirum
1436 1128 1546 1167 non
1592 1114 1831 1185 amplius
1872 1114 2036 1170 ober-

438 1198 689 1252 ‘randum
720 1200 883 1255 nobis
909 1200 1039 1264 erit,
1091 1201 1158 1256 ad
1193 1216 1289 1256 eos
1341 1202 1596 1261 homines
1652 1204 2031 1272 vestigaudos,

442 1292 549 1359 qui
580 1290 635 1344 in
665 1297 853 1345 vastas
882 1290 1219 1346 continentis
1244 1292 1496 1363 regiones
1527 1293 1785 1349 subeunt.
1814 1292 2032 1349 Manere

456 1379 603 1433 enim
652 1394 778 1435 sese
815 1381 1095 1446 dixerunt,
1131 1383 1380 1453 velleque
1433 1398 1787 1456 cognoscere,
1844 1384 2037 1455 cujus-

457 1471 603 1526 modi
633 1471 855 1527 tandem
896 1472 1147 1529 homines
1186 1474 1384 1538 simus,
1436 1476 1528 1545 qui
1568 1482 1648 1530 tot
1695 1475 1910 1531 dierum
1951 1477 2040 1531 iti-

444 1580 591 1620 nere
624 1565 695 1621 ab
743 1565 949 1621 nostris
997 1566 1226 1624 sedibus
1261 1567 1511 1623 abstrahi
1549 1582 1661 1623 non
1701 1568 2041 1624 dubitaveri-

458 1671 600 1721 mus,
633 1665 693 1713 ut
725 1671 851 1712 cum
883 1657 1162 1716 bellicosis
1203 1658 1520 1716 hominibus
1556 1675 1756 1717 manus
1782 1676 2042 1717 consere—

458 1762 687 1814 remus;
722 1748 816 1819 qui
859 1751 1107 1820 palantes
1141 1766 1206 1805 ac
1237 1752 1510 1823 segregati
1561 1752 1773 1819 vivunt,
1815 1752 2039 1809 eadem-

2135 567 2348 638 ἔχοντες
2387 569 2569 623 ὃπλων
2621 568 2933 639 πρόὸλημα.
2970 570 3030 621 Ὀ
3061 568 3119 621 δὲ
3163 566 3335 637 ἀγὼν,
3368 566 3449 632 ὡς
3497 567 3740 629 εἰκάσαι,

2133 665 2232 740 τῆς
2258 664 2567 734 ὐστεραίας.
2614 664 2740 727 Τοῖς
2771 664 2882 733 γὰρ
2921 664 3144 725 σκοποῖς
3171 660 3331 733 ἡμῶν
3378 660 3741 731 προεντυχόν-

2135 772 2225 820 τες
2247 754 2377 809 ἔνιοι
2403 755 2515 808 τῶν
2538 754 2838 825 πολεμίων,
2867 754 2959 808 καὶ
2983 753 3272 818 διώξαντες
3295 754 3641 825 ἀνακρὼεος,
3673 752 3741 815 ὡς

2135 845 2379 914 ἔγνωσαν
2406 846 2686 916 κρείττους
2736 846 2895 910 ὄντας
2941 845 2974 914 ἢ
3016 843 3243 908 ἁλῶναι,
3288 844 3601 897 ἐκέλευσαν
3652 844 3745 911 ἀγ-

2135 938 2350 1008 γέλλειν
2375 940 2509 1009 ἡμῖν
2533 938 2670 993 ἄττα
2698 939 2893 1009 ἥδιστα
2913 954 2927 969 ⁶
2971 938 3019 991 εί
3070 936 3270 1019 μηκέτι
3311 936 3501 1007 δεήσει
3545 936 3745 989 πλανᾶ-

2137 1029 2285 1093 σθαι,
2338 1029 2642 1101 ζητοῦντας
2698 1028 3022 1101 ἀνθρώπους
3083 1027 3437 1098 ἐνδυομένους
3506 1028 3745 1098 ἠπείρων

2136 1122 2337 1195 πλάτη.
2396 1122 2597 1177 Μένειν
2624 1121 2733 1193 γάρ
2783 1122 3012 1191 ἔφασαν,
3052 1122 3148 1175 καὶ
3186 1120 3392 1174 ἐθέλειν
3446 1119 3655 1191 μαθεῖν
3674 1120 3738 1171 οῖ·

2136 1232 2282 1280 τινες
2331 1214 2485 1280 ὄντες
2534 1214 2760 1286 ἡμερῶν
2813 1212 3081 1267 τοσούτων
3112 1212 3230 1266 όδὸν
3280 1212 3616 1267 ἀποσπάσαι
3649 1212 3743 1281 τῆς

2136 1308 2323 1379 χώρας
2378 1306 2785 1378 ἐτολμήσαμεν,
2838 1304 2925 1375 ἐφ’
2974 1298 3020 1373 ᾧ
3070 1304 3338 1375 συμμίξαι
3375 1302 3740 1373 πολεμισταῖς

2137 1396 2447 1469 ἀνθρώποις
2477 1397 2591 1467 βίον
2619 1396 2756 1459 ζῶσι
2785 1396 3099 1468 νομαδικὸν,
3131 1396 3225 1449 καὶ
3251 1395 3319 1449 τὰ
3340 1397 3421 1459 εἰς
3456 1394 3743 1448 πολιτείαν

2137 1488 2281 1542 οὕτω
2296 1488 2825 1559 καταστησαμένοις.
2841 1488 3206 1559 ὦσπερὴμεῖς
3225 1487 3295 1540 τά
3317 1487 3410 1540 ἐπὶ
3434 1485 3541 1555 τῆς
3578 1503 3746 1555 στρα-

2138 1582 2281 1644 τιᾶς.
2312 1580 2398 1643 Ὠς
2430 1576 2527 1633 οὖν
2562 1578 2754 1653 αὔριον
2783 1582 2881 1634 σὺν
2922 1579 3043 1650 Θεῷ
3077 1579 3207 1643 τοὺς
3257 1577 3562 1648 πολεμίους
3589 1580 3748 1647 νική-

2142 1682 2272 1731 σων,
2301 1664 2368 1719 ἂν
2405 1666 2591 1737 μέντοι
2619 1667 2717 1740 δὲῃ
2737 1667 2921 1731 πάλιν,
2956 1668 3196 1739 νικήσων
3220 1666 3415 1739 (μηδὲν
3431 1666 3549 1737 γὰρ
3570 1666 3743 1719 ἀπαί-

2144 1773 2259 1809 σιον
2290 1756 2679 1828 φθεγξαίμην),
2697 1758 3024 1828 ἐπισκήπτω
3046 1774 3128 1811 σοι
3148 1757 3259 1811 τῶν
3280 1757 3518 1811 παιδίων
3544 1758 3747 1828 ἐιιτιμε⁶

456 1855 565 1908 que
602 1841 740 1910 reip.
771 1841 970 1909 forma,
992 1858 1101 1913 qua
1132 1858 1235 1899 nos
1274 1842 1651 1913 expeditionis
1682 1852 1850 1916 atque
1878 1860 2039 1902 exer-

2154 1847 2389 1917 ληθῆναι.
2418 1848 2690 1920 Προσήκει
2709 1847 2767 1902 δέ
2811 1848 2926 1903 όντι
2957 1848 3087 1920 θείῳ
3130 1849 3212 1912 είς
3234 1847 3375 1903 αὐτὰ
3408 1847 3747 1920 ἀπομντιμο·

457 1932 626 1992 citus,
664 1940 913 1987 utuntur.
932 1931 1108 2003 Igitur
1128 1940 1391 2003 tanquam
1423 1933 1667 1989 crastina
1695 1934 1786 1989 die
1815 1934 2039 1993 favente

2142 1934 2331 1990 νεῦσαι
2359 1935 2459 2006 τὴν
2489 1937 2669 2007 χάριν.

458 2020 570 2075 Deo
608 2022 794 2079 hostes
817 2032 1213 2093 superaturus;
1253 2034 1369 2091 aut,
1396 2024 1444 2080 si
1485 2024 1561 2080 ita
1595 2034 1777 2082 tamen
1832 2043 2061 2084 necesse
2099 2028 2191 2093 sit,
2229 2044 2452 2084 rursum
2503 2038 2871 2100 superaturus
2909 2029 3089 2099 (nihil
3126 2029 3272 2086 enim
3312 2029 3454 2084 male
3496 2029 3739 2087 ominari

458 2113 621 2167 velim
642 2112 685 2182 ),
719 2114 1016 2170 liberorum
1054 2130 1302 2171 meorum
1328 2130 1523 2171 curam
1559 2126 1667 2172 tute
1709 2116 1832 2174 ﬁdei
1881 2119 2227 2175 commendo.
2260 2119 2337 2177 Te
2366 2122 2536 2187 enim,
2582 2121 2677 2191 qui
2736 2133 2967 2192 patruus
3013 2121 3115 2187 sis,
3160 2135 3297 2178 mea:
3327 2122 3481 2194 apud
3519 2131 3577 2180 te
3617 2139 3741 2193 gn.

459 2207 548 2261 tia:
587 2208 905 2263 memoriam
934 2207 987 2262 in
1019 2223 1115 2264 eos
1150 2208 1453 2266 transferre
1482 2212 1765 2268 convenit.

986 2303 1327 2361 EPISTULA
1372 2305 1509 2363 CIX.

1127 2398 1336 2454 Eidem.

537 2486 726 2557 Neque
764 2488 905 2544 asini
940 2491 1098 2553 mihi,
1150 2506 1329 2562 neque
1358 2492 1516 2556 muli,
1552 2502 1648 2548 aut
1695 2494 1823 2563 equi
1879 2494 2039 2566 copia

457 2587 567 2646 est,
593 2580 854 2636 oumibus
883 2581 951 2636 ad
979 2582 1180 2651 pabula
1200 2582 1471 2647 dimissis,
1496 2584 1701 2655 quibus
1725 2585 1796 2641 ad
1830 2594 1884 2642 te
1909 2587 2042 2642 ami-

458 2670 746 2725 cissimum
778 2671 913 2726 mihi
946 2681 1110 2742 caput
1148 2688 1367 2744 possem
1400 2675 1758 2733 contendere.
1796 2674 2041 2734 Pedibus

458 2774 626 2826 porro
655 2759 761 2813 iter
796 2759 981 2815 facere
1008 2760 1170 2830 plane
1219 2762 1444 2832 quidem
1475 2763 1725 2820 volebam
1752 2804 1770 2831 ,
1805 2779 1873 2821 ac
1924 2764 2041 2822 Ior-

459 2848 627 2903 tassis
643 2847 807 2902 etiam
839 2856 1110 2917 poteram;
1136 2849 1233 2906 sed
1255 2851 1555 2923 propinqui
1580 2852 2041 2910 committendum

460 2940 609 2994 istud
653 2948 964 3009 negarunt,
997 2955 1069 3009 ne
1116 2941 1185 2997 iis
1211 2943 1308 3013 qui
1354 2952 1713 3000 occurrerent
1756 2946 1933 3002 risum
1973 2946 2038 3003 de

460 3030 622 3086 nobis
670 3030 1061 3101 praeberemus.
1097 3031 1213 3091 ﬂos
1263 3034 1437 3100 enim,
1475 3036 1892 3107 qualescunque
1943 3038 2041 3093 de-

2681 2307 3028 2364 ΕΠΙΣΤΟΛΗ
3074 2306 3199 2363 PG'.

2789 2395 2875 2463 Τῷ
2910 2395 3091 2463 αὐτῷ.

2220 2491 2335 2546 Οὐκ
2367 2491 2508 2555 ὄνος,
2529 2491 2630 2561 οὐχ
2661 2489 2911 2561 ἡμίονος,
2938 2488 3039 2559 οὐχ
3068 2489 3237 2547 ῖππος
3269 2487 3387 2545 ἐστι
3420 2504 3539 2559 μοι,
3565 2487 3741 2549 ἀπάν-

2146 2601 2258 2639 των
2291 2583 2591 2654 ἀνειμένων
2611 2584 2693 2648 είς
2711 2581 2871 2646 πόαν,
2894 2576 2976 2645 οἷς
2999 2582 3349 2653 χρησάμενος
3370 2580 3439 2635 ἂν
3464 2576 3638 2652 ἦλθον
3660 2580 3744 2647 εἰς

2150 2692 2211 2730 σε
2234 2674 2332 2747 τὴν
2359 2675 2626 2747 φιλτάτην
2664 2692 2754 2746 μοι
2797 2673 3043 2746 κεφαλήν
3079 2672 3193 2745 [πρ.
3228 2673 3310 2737 εἰς
3355 2671 3455 2726 σοῦ
3481 2673 3585 2745 τῆς
3615 2672 3742 2743 φιλ-

2137 2768 2308 2841 τάτης
2339 2786 2431 2840 μοι
2459 2766 2743 2838 κεφαλῆςΙ.
2768 2765 3010 2832 Βαδίζειν
3037 2765 3097 2819 δέ
3117 2766 3257 2821 πάνυ
3284 2765 3386 2836 μὲν
3410 2765 3738 2836 ἐϐουλόμην,

2136 2862 2233 2916 καὶ
2261 2860 2421 2931 τυχὸν
2443 2860 2725 2932 ἠδυνάμην
2747 2876 2763 2892 ο
2789 2859 2851 2913 οὐ
2883 2858 2990 2930 μὴν
3014 2857 3225 2928 ἔφασαν
3261 2858 3313 2912 οἱ
3356 2859 3742 2930 προσήκοντες

2137 2952 2248 3006 δεῖν
2267 2967 2282 2983 ’
2321 2950 2411 3007 ἵνα
2442 2950 2519 3023 μὴ
2543 2950 2793 3022 διατριϐὴ
2814 2950 2927 3014 τοῖς
2941 2949 3226 3004 ἀπαντῶσι
3254 2948 3577 3019 γενοίμεθα.
3594 2948 3735 3003 Τού-

2139 3061 2265 3109 τους
2287 3042 2416 3115 γάρ,
2436 3043 2635 3107 οἵτινες
2664 3042 2729 3097 ἂν
2746 3035 2902 3107 ὦσιν,
2922 3040 3066 3095 οὕτω
3094 3041 3236 3096 πάνυ
3259 3042 3459 3111 σοφοὺς
3475 3041 3738 3111 ἥγηνται.

458 3136 610 3177 mum
647 3122 782 3185 sint,
814 3137 991 3193 usque
1020 3122 1158 3179 adeo
1192 3125 1471 3195 sapientes
1501 3141 1626 3183 esse
1657 3136 1872 3198 putant,
1917 3137 2039 3184 tan-

2154 3132 2241 3186 ttal.
2271 3130 2526 3185 τοσοῦτον
2560 3130 2683 3185 νοῦν
2720 3131 2887 3201 ἐχειν,
2933 3130 3009 3194 ὠς
3045 3129 3278 3184 ἕκαστον
3306 3129 3487 3184 αὐτῶν
3512 3131 3742 3201 ἄμεινον

453 3221 622 3281 taque
652 3214 855 3271 mentis
885 3215 1132 3282 solertia,
1165 3228 1223 3271 ut
1258 3218 1645 3290 unusquisque
1678 3222 1877 3277 melius
1908 3222 2043 3292 quid

454 3315 549 3359 me
594 3302 805 3368 deceat,
842 3318 1010 3373 quam
1046 3319 1150 3376 ego
1211 3306 1352 3376 ipse,
1394 3307 1693 3378 pervideat.
1724 3308 1802 3363 Ita
1856 3309 2044 3366 multis

459 3408 564 3452 uns
604 3394 835 3454 arbitris
867 3395 1226 3460 devinciunt;
1267 3398 1366 3468 qui
1423 3415 1523 3457 nos
1564 3400 1849 3459 hominum
1884 3400 2043 3457 fatua

457 3484 972 3557 existimationique
1006 3489 1217 3545 servire
1253 3498 1481 3561 cogunt.
1532 3490 1823 3548 Pervicere
1854 3504 2041 3551 autem

459 3591 572 3631 non
610 3576 960 3634 admonendo
985 3579 1274 3647 duntaxat,
1305 3582 1403 3637 sed
1437 3583 1646 3653 majore
1666 3584 1905 3653 quadam
1944 3585 2044 3641 ad-

460 3670 637 3726 hibita
690 3671 766 3726 vi.
801 3671 1016 3743 Quippe
1073 3687 1201 3732 cum
1240 3688 1343 3745 ego
1376 3674 1782 3745 proﬁciscerer,
1817 3678 2044 3746 permit-

448 3773 578 3819 tere
614 3765 932 3830 noluerunt,
982 3767 1079 3830 sed
1120 3783 1208 3823 me
1259 3768 1425 3838 pallio
1476 3778 1845 3827 retraxerunt.
1900 3770 2044 3837 Quid

458 3860 633 3930 igitur
662 3859 936 3931 reliquum
967 3861 1096 3927 erit,
1130 3860 1241 3916 nisi
1275 3868 1335 3915 ut
1364 3862 1630 3917 vicariam
1663 3863 1770 3917 mei
1806 3862 1948 3919 hanc
1975 3862 2045 3917 ad

457 3961 515 4007 te
544 3952 834 4023 epistolam
867 3954 1167 4019 mitterem,
1197 3969 1309 4024 qua
1346 3954 1445 4009 tibi
1478 3954 1712 4011 salutem
1746 3954 2034 4025 impertio:

460 4051 576 4097 tum
603 4043 738 4097 illud
770 4043 872 4099 abs
897 4054 950 4098 te
981 4059 1190 4113 quaero,
1225 4043 1490 4115 quidnam
1516 4058 1549 4100 e
1585 4042 1924 4100 Rtolemaide
1957 4045 2041 4100 al-

458 4137 633 4190 latum
661 4139 735 4197 sit
762 4154 776 4191 :
808 4144 1059 4195 recentes
1086 4137 1273 4191 nescio
1299 4152 1441 4207 quos
1455 4151 1740 4193 sermones
1774 4136 2039 4207 intelligo,

462 4244 604 4298 quos
637 4244 667 4283 e
705 4229 965 4298 praztorio
1005 4236 1294 4298 reportare
1346 4235 1400 4282 te
1431 4228 1733 4284 verisimile
1758 4234 1864 4295 est,
1900 4243 2043 4297 prae.-

461 4318 651 4374 sertim
690 4318 821 4388 quid
851 4318 922 4373 sit
955 4318 1089 4373 illud
1129 4318 1512 4389 pervulgatum
1542 4332 1808 4372 arcanum
1835 4334 1903 4374 ex
1934 4318 2044 4373 Oc-

459 4410 695 4467 cidente.
737 4409 861 4465 Scis
887 4410 1036 4465 enim
1090 4424 1210 4466 mea
1241 4409 1532 4474 interesse,
1562 4410 1639 4465 ita
1705 4408 1933 4474 factum,
1967 4424 2037 4464 an

2150 3222 2218 3277 ἂν
2250 3222 2387 3293 ἐμοῦ
2416 3221 2719 3291 σκέψασθαι
2746 3220 2877 3291 περὶ
2894 3219 3004 3275 τῶν
3023 3221 3343 3291 πρεπόντων
3359 3220 3509 3289 ἐμοί.
3536 3220 3742 3274 Τοσοὰ-

2139 3332 2249 3369 των
2278 3315 2426 3385 ἡμᾶς
2461 3312 2731 3385 ἐξαρτῶσι
2753 3312 2977 3383 κριτῶν,
3013 3313 3064 3366 οί
3100 3312 3239 3384 πρὸς
3280 3312 3441 3379 δόξαν
3486 3313 3593 3383 τὴν
3639 3313 3746 3383 ἔξω

2140 3405 2243 3477 ζῇν
2272 3404 2690 3472 ἀναγκάζοντες.
2725 3404 3115 3477 Περιεγένοντο
3140 3404 3197 3458 δὲ
3227 3404 3289 3457 οὐ
3329 3403 3743 3468 νουθετοῦντες.

2139 3497 2278 3551 ἀλλά
2338 3497 2433 3550 τὸν
2488 3496 2790 3567 βιαιότερον
2828 3496 3050 3568 τρόπον,
3100 3495 3291 3567 ἐπειδὴ
3330 3495 3592 3566 προῄειν,
3640 3498 3747 3549 οὐκ

2138 3589 2550 3660 ἐπιτρέποντες,
2581 3588 2697 3643 ἀλλ’
2727 3586 3253 3660 ἀντιλαμϐανόμενοι
3296 3587 3391 3640 τοῦ
3416 3587 3743 3659 τριδωνίου.

2139 3681 2206 3735 Τί
2243 3676 2335 3736 οὖν
2366 3681 2683 3750 ὑπόλοιπον,
2714 3680 2748 3752 ἢ
2775 3680 2875 3752 τὴν
2896 3679 3185 3751 ἐπιστολὴν
3208 3680 3322 3734 ἀντ’
3351 3678 3493 3751 ἐμοῦ
3528 3680 3743 3734 στεῖλαι

2138 3775 2277 3845 πρὸς
2310 3775 2409 3841 σές
2462 3775 2531 3829 δι’
2568 3769 2637 3847 ἧς
2664 3773 2985 3844 ἀσπάζομαί
3015 3773 3075 3827 τὲ
3107 3790 3201 3840 σε,
3250 3773 3345 3827 καὶ
3388 3772 3743 3845 πυνθάνομαι

2140 3866 2259 3920 τίνα
2278 3867 2346 3919 τὰ
2377 3866 2486 3920 ἀπὸ
2512 3866 2875 3937 Πτολεμαΐδος
2911 3865 3197 3936 ἀγώγιμα,
3250 3864 3446 3933 λόγους
3487 3867 3739 3929 καινοὺς.

2143 3956 2238 4021 οὓς
2258 3957 2405 4020 εἰκός
2429 3974 2488 4010 σε
2542 3956 2791 4028 κομίζειν
2816 3957 2925 4011 ἀπὸ
2952 3955 3046 4010 τοῦ
3082 3956 3440 4028 στρατηγίου.
3488 3957 3605 4010 Καὶ
3634 3958 3740 4027 μά-

2145 4045 2307 4103 λιστα
2338 4047 2393 4108 τί
2427 4046 2491 4101 τὸ
2517 4046 2914 4117 θρυλλούμενον
2948 4046 3259 4118 ἀπόρρητον
3296 4045 3405 4099 ἀπὸ
3435 4045 3538 4115 τῆς
3578 4045 3740 4099 ἐσπέ-

2144 4156 2265 4210 ρας.
2296 4135 2466 4192 Οἶσθα
2481 4138 2589 4211 γὰρ
2608 4142 2687 4194 ὅτι
2704 4140 2846 4194 πάνυ
2873 4156 2963 4211 μοι
2983 4138 3231 4209 διαφέρει
3254 4138 3551 4209 γενόμενον
3572 4138 3730 4201 οὔταε

2145 4229 2241 4281 καὶ
2269 4228 2344 4301 μὴ
2367 4229 2675 4300 γενόμενον.
2696 4229 2759 4282 EI
2788 4228 2887 4300 μὲν
2912 4223 3007 4282 οὖν
3039 4227 3248 4281 ’ἐκαστα
3278 4228 3470 4297 σαφῶς
3502 4228 3737 4299 ἔχουσαν

2144 4318 2434 4390 ἐπιστολὴν
2482 4319 2809 4391 ἐκπέμψεις,
2831 4319 2941 4386 ἔξω
2958 4319 3097 4373 κατᾶ
3110 4316 3325 4390 χώραν·
3354 4319 3405 4372 εί
3430 4319 3489 4372 δὲ
3508 4320 3615 4391 μὴ,
3645 4319 3737 4372 καὶ

2147 4410 2213 4464 σὺ
2246 4410 2436 4482 μέμψῃ
2469 4411 2599 4481 περὶ
2634 4409 2728 4464 τοῦ
2758 4409 2980 4481 δρόμου.

461 4520 625 4560 secus
661 4503 847 4560 fuerit.
891 4504 1080 4575 Itaque
1122 4506 1167 4561 si
1210 4505 1431 4575 quidem
1469 4504 1682 4560 litteras
1728 4504 1799 4559 ad
1864 4520 1952 4559 me
1981 4505 2274 4576 perspicua
2338 4506 2525 4560 omnia
2585 4504 2968 4577 significantes
3029 4504 3273 4574 miseris,
3319 4506 3600 4574 manebo;
3653 4506 3737 4563 sin

459 4598 667 4662 minus,
697 4605 758 4653 tu
791 4613 877 4654 me
908 4600 1026 4668 ipse
1047 4613 1271 4667 quoque
1291 4598 1359 4652 de
1387 4606 1646 4668 suscepto
1681 4596 1748 4651 ad
1790 4606 1842 4653 te
1870 4613 2037 4656 cursu
2061 4597 2449 4667 reprehendes.

996 4691 1336 4749 EP-ISTOLA
1373 4691 1488 4747 CX.

1147 4784 1356 4840 Eidem.

529 4879 717 4934 Ghilas
761 4879 907 4942 leno,
951 4893 1115 4947 quem
1150 4892 1181 4931 a
1228 4876 1422 4947 paucis
1448 4876 1689 4949 ignorari
1741 4892 1855 4948 prae
1908 4879 2045 4933 artis

462 4972 715 5027 claritate
752 4970 1054 5026 verisimile
1086 4977 1194 5026 est.
1227 4968 1388 5038 253
1418 4969 1633 5025 Etenim
1654 4968 2044 5025 Andromacha

460 5063 653 5125 mima,
710 5076 835 5131 quae
886 5060 1319 5132 pulchritudinis
1382 5060 1545 5116 laude
1602 5074 1715 5130 pra:
1782 5058 2042 5115 onmihus

461 5152 643 5206 aetatis
686 5160 892 5208 nostra:
939 5152 1269 5209 mulieribus
1304 5151 1515 5215 ﬂoruit,
1552 5152 1621 5207 de
1652 5151 1776 5221 ejus
1812 5150 2045 5207 cohorte

461 5243 592 5298 fuit.
623 5241 725 5297 Ilic
755 5243 923 5314 igitur
977 5259 1072 5312 per
1103 5242 1241 5299 adeo
1277 5243 1541 5314 praeclara
1571 5243 1753 5301 studia
1782 5242 2045 5314 juventu-

462 5343 574 5387 tem
607 5333 934 5397 traducens,
963 5342 1229 5388 anteacta:
1257 5334 1384 5391 vitae
1406 5332 1709 5393 convenire
1739 5334 2043 5392 arbitratus

460 5436 568 5493 est,
606 5435 665 5479 ut
704 5426 759 5479 in
808 5433 1091 5482 senectute
1143 5425 1477 5481 militaribus
1533 5425 1800 5496 gradibus
1843 5442 2042 5493 nomen

464 5534 626 5569 suum
655 5517 987 5571 illustraret.
1014 5513 1200 5583 Nuper
1230 5515 1398 5584 igitur
1426 5517 1577 5572 venit
1606 5517 2036 5593 fortissimorum

453 5606 943 5661 Marcomanorum
983 5604 1370 5675 praefecturam
1399 5606 1471 5661 ab
1506 5607 1838 5677 imperatore
1866 5609 2036 5679 sorti-

464 5706 592 5762 tus;
623 5714 766 5767 quos
801 5697 1064 5765 credibile
1087 5708 1195 5764 cst,
1236 5698 1423 5763 nobis,
1461 5714 1589 5753 cum
1624 5709 1784 5771 antea
1836 5701 2040 5769 milites

464 5788 659 5861 optimi
696 5787 921 5851 fuerint.
944 5788 989 5846 si
1014 5788 1127 5860 jam
1159 5790 1415 5855 idoneum
1447 5789 1647 5848 ducem
1673 5792 2035 5869 obtinuerint,

2071 4695 2122 4754 ι)

2690 4692 3039 4753 ΕΠΙΣΤΟΛΗ
3072 4693 3175 4755 PI“,

2786 4782 2873 4848 Τῷ
2903 4782 3084 4860 αὐτῷ.

2218 4875 2415 4939 Χείλας
2450 4877 2480 4930 ό
2523 4875 2910 4947 πορνοϐοσκὸς,
2960 4875 3021 4929 ὃν
3056 4876 3159 4929 οὐκ
3197 4874 3344 4938 εἰκὸς
3375 4875 3483 4929 ὑπὸ
3521 4876 3738 4930 πολλῶν

2145 4968 2477 5035 ἀγνοεῖσθαι,
2504 4967 2593 5021 διὰ
2611 4968 2710 5039 τὴν
2741 4968 2805 5022 ἐκ
2845 4968 2944 5040 τῆς
2974 4967 3170 5039 τέχνης
3203 4967 3597 5039 λαμπρότητα.
3630 4968 3737 5023 Καὶ.

2144 5060 2253 5132 γὰρ
2285 5061 2320 5132 ή
2353 5062 2517 5131 μῖμος
2559 5060 2920 5131 Ἀνδρομάχην
2949 5059 3049 5129 τῆς
3069 5058 3262 5113 τούτου
3291 5059 3490 5127 γέγονε
3518 5061 3734 5129 φάλαγ-

2143 5168 2264 5220 γος,
2299 5153 2334 5222 ὴ
2364 5151 2426 5204 τὸ
2445 5150 2732 5205 κάλλιστον
2756 5150 2867 5205 τῶν
2897 5150 3172 5219 γυναικῶν
3198 5150 3258 5204 ἐν
3277 5153 3391 5213 τοῖς
3421 5151 3552 5204 καθ’
3588 5153 3733 5221 ἡμᾶς

2142 5246 2355 5317 χρόνοις
2375 5245 2676 5317 ἀνθήσασα.
2712 5238 2881 5309 Οὗτος
2924 5245 3184 5307 ἐννεάσας
3219 5246 3332 5308 τοῖς
3366 5242 3513 5297 οὕτω
3545 5244 3733 5307 καλοῖς

2141 5338 2561 5408 ἐπιτηδεύμασι,
2628 5336 2840 5409 πρέπον
2890 5334 3046 5406 ᾠήθη
3106 5336 3219 5398 τοῖς
3259 5333 3730 5404 προϐεσιωμένοις

2140 5430 2313 5501 αὐτῷ,
2343 5432 2401 5484 ἐν
2423 5431 2570 5502 γήρᾳ
2596 5431 3015 5501 στρατιωτικαῖς
3047 5427 3532 5499 ἐλλαμπρύνεσθαι
3572 5426 3728 5492 τάξει

2145 5538 2230 5576 σιν
2283 5523 2398 5595 [γρ.
2462 5522 2701 5592 ὲκλαμπ.
2737 5513 2951 5592 «eam.
2989 5520 3255 5590 Ἔναγχος
3284 5515 3382 5573 οὖν
3407 5520 3532 5590 ἥκει
3579 5518 3729 5587 παρὰ

2146 5614 2413 5685 βασιλέως
2470 5616 2795 5684 στρατηγεῖν
2828 5613 3127 5682 εὑράμενος
3176 5612 3287 5665 τῶν
3332 5612 3728 5679 γενναιοτάτων

2145 5707 2527 5777 Μαρκομάνων
2551 5721 2566 5737 ο
2586 5705 2677 5769 οὓς
2706 5704 2851 5768 εἰκὸς
2874 5706 3008 5774 ἡμῖν
3036 5705 3153 5757 ἐστι
3183 5702 3277 5755 καὶ
3303 5703 3574 5774 πρότερον
3598 5703 3732 5772 ἀγα-

2147 5793 2271 5859 θοὺς
2298 5791 2635 5865 στρατιώτας
2660 5793 2839 5861 ὄντας,
2877 5791 2972 5851 νῦν
2990 5791 3346 5864 ἐπιτυχόντας
3375 5791 3471 5848 καὶ
3496 5791 3731 5864 «pensv-
