3838 6236
243 322 406 390 ῗ1495

1398 306 1881 390 ιεριετοιλεκ-
1918 330 2134 389 EPIST.
2174 330 2358 389 cxm.

3367 290 3519 395 :HM

261 462 357 509 τος
382 444 710 516 στρατηγοῦ,
753 445 895 515 μέγα
931 462 985 500 τι
1011 447 1105 499 καὶ
1155 448 1395 513 γενναῖον
1439 446 1599 519 ἔργον
1639 439 1838 502 ἐπιδεί-

1949 427 2302 502 memorabile
2328 445 2554 517 aliquod
2606 456 2773 518 atqne
2830 448 3110 520 egregium
3148 447 3369 505 facinus
3404 450 3503 505 edi

250 536 474 601 ξασθαι.
510 537 704 605 Ἔλεγε
736 538 867 605 γοῦν
886 537 1133 609 Συριανῷ
1155 536 1269 608 [γρ.
1292 533 1628 610 Σερηνιανῷ]
1653 553 1845 609 συγγε-

258 629 514 697 νόμενος·
559 622 719 681 οἶσθα
765 628 854 680 τὸν
898 629 962 681 ὲκ
1001 628 1259 697 γειτόνων
1310 630 1401 682 τδν
1430 630 1633 699 ἰατρόν.
1681 631 1747 685 Ὃ
1783 632 1842 686 δὲ

252 717 522 788 -Συριανὺς
560 716 675 789 [γρ.
705 718 1054 791 Σερηνιανδς]
1088 720 1387 791 ἀπήγγειλε
1421 721 1559 792 πρὸς
1586 723 1753 792 ἡμᾶς,
1783 724 1842 775 ὲν

252 805 342 872 οἷς
375 808 659 863 ἀπολείποι
689 811 749 863 τὸ
776 810 916 863 θεῖον
941 810 1321 882 στρατόπεδον.
1350 812 1430 865 Τά
1454 811 1553 882 μὲν
1575 808 1669 867 οὖν
1707 812 1842 868 ἄλλα

252 900 314 954 τί
360 900 425 954 ἀν
478 902 587 955 δέοι
636 900 750 973 [ῃο.
792 899 997 973 δεήσοι]
1027 901 1165 973 πρὸς
1198 902 1259 955 σὲ
1300 902 1555 973 γράφειν,
1587 899 1663 958 ὧν
1686 904 1843 972 κάγὼ

256 991 555 1062 παρέργως
584 993 983 1063 ἡκροασάμην;
1029 992 1144 1061 Ἐφ’
1182 988 1262 1055 οἷς
1303 991 1361 1046 δὲ
1405 991 1567 1057 αὐτὸς
1605 993 1843 1058 ἀκούσας

261 1083 435 1154 ἥσθην
461 1083 777 1154 ὑπερφυῶς,
810 1082 870 1135 σέ
897 1100 957 1136 τε
996 1083 1062 1137 δι’
1093 1084 1274 1137 αὐτῶν
1319 1084 1689 1156 εὐφρανθῆναι
1717 1084 1842 1155 βού-

262 1172 445 1243 λομαι,
469 1173 596 1227 τάδε
622 1173 771 1227 ἐστίν
796 1189 811 1205 ·
855 1174 913 1227 '0
963 1172 1279 1243 θαυμαστὸς
1313 1174 1587 1246 Ἰωάννης,
1644 1174 1841 1245 μικρὸν

256 1268 459 1330 εἰπεῖν,
493 1267 552 1319 ἐν
572 1268 686 1329 τοῖς
738 1264 920 1328 αὐτοῖς
956 1266 1126 1330 ἐστιν,
1166 1265 1506 1338 ὲπιδιδούσης
1535 1267 1637 1337 τῆς
1670 1268 1841 1339 τύχης

256 1359 322 1410 ὲν
355 1358 467 1419 τοῖς
512 1356 723 1408 ἐκείνου
774 1356 1114 1426 πράγμασιν,
1161 1356 1285 1410 ὅσον
1325 1358 1617 1422 ἐπιδόσεως
1649 1361 1838 1430 χωρεῖ,

251 1448 356 1501 καί
392 1465 513 1501 τινα
540 1446 661 1501 καθ’
705 1447 904 1518 ἑαυτὴν
955 1447 1260 1519 ὑπερϐολὴν
1310 1448 1655 1521 ἐξευρούσης.
1682 1450 1842 1521 Λύτῷ

259 1558 321 1594 τε
347 1541 456 1611 γάρ
482 1541 689 1595 ἀνεῖται
725 1541 795 1594 τὰ
830 1539 1093 1610 βασιλέως
1132 1535 1256 1603 ,ὦτα
1279 1557 1293 1574 ο
1329 1542 1424 1595 καὶ
1447 1542 1553 1613 πρὸ
1575 1541 1778 1595 τούτων
1806 1544 1841 1613 ἡ

259 1634 453 1704 γνώμη
510 1633 744 1703 χρῆσθαι
794 1633 931 1705 πρὸς
968 1633 997 1687 ὃ
1039 1650 1090 1686 τι
1132 1632 1323 1686 δέοιτο.
1359 1634 1470 1686 Καὶ
1505 1634 1605 1687 ὅσα
1641 1633 1845 1687 Ἀντίο-

259 1742 354 1794 χος
384 1723 496 1795 (53)
528 1724 771 1790 δύναται,
793 1712 1013 1779 δύναται
1036 1724 1238 1795 τούτῳ·
1289 1724 1510 1779 δύναται
1540 1726 1597 1778 δὲ
1648 1726 1842 1779 Ἀντίο-

1945 544 2119 590 turos.
2167 534 2278 591 Hoc
2339 536 2484 590 inter
2543 538 2968 608 colloquendum
3037 539 3273 610 Syriano
3323 541 3514 599 dixit:

1942 624 2088 678 nosti
2134 623 2286 677 illum
2321 624 2389 679 de
2428 625 2630 680 vicinla
2662 627 2958 682 medicum.
2990 625 3267 697 Syrianus
3295 630 3374 684 ad'
3417 645 3511 685 nos

1944 714 2163 779 detulit,
2198 730 2436 784 quonam
2471 716 2526 770 in
2558 724 2705 771 statu
2735 718 2927 772 divina
2991 718 3085 772 illa
3143 730 3355 795 castra,
3387 721 3510 776 reli-

1943 810 2179 878 quisset.
2215 810 2427 867 Caetera
2472 826 2637 881 porro
2680 812 2812 882 quid
2863 812 3061 865 attinet
3099 812 3362 876 scribere,
3398 829 3519 883 qua:

1940 916 2043 969 ego
2079 902 2247 956 etiam
2280 902 2459 956 obiter
2490 902 2721 972 accepi?
2775 901 2883 957 Sed
2918 889 3120 971 quibus
3170 902 3374 956 auditis
3411 902 3514 956 mi-

1942 991 2095 1047 riﬁce
2121 1007 2244 1047 sum
2277 992 2608 1057 delectatus,
2644 1008 2992 1063 quorumque
3038 993 3278 1047 laetitiam
3315 994 3518 1062 impero

1938 1082 2032 1138 tiri
2064 1084 2210 1146 volo,
2243 1098 2307 1139 ea
2338 1091 2470 1139 sunt
2500 1078 2808 1154 cjuSmodi:
2837 1085 3106 1155 Egregius
3132 1093 3322 1141 noster
3350 1085 3518 1139 Joan-

1943 1186 2065 1234 nes,
2096 1186 2326 1242 parvum
2358 1172 2462 1228 hoc
2496 1174 2644 1228 dictu
2673 1180 2758 1227 est
2780 1214 2796 1239 ,
2828 1174 2886 1227 in
2924 1172 3117 1228 iisdem
3150 1189 3364 1243 semper
3398 1190 3517 1228 ver-

1941 1270 2255 1327 'samr,cum
2286 1264 2433 1319 illius
2458 1265 2511 1319 in
2535 1264 2700 1320 rebus
2733 1261 2954 1319 fortuna
2980 1280 3039 1319 se
3073 1263 3127 1318 in
3163 1264 3281 1319 dies
3302 1264 3513 1328 efferat,

1940 1363 2205 1424 quantum
2236 1355 2419 1411 επεηοί
2456 1364 2679 1426 potest;
2745 1356 2857 1410 imo
2920 1370 3054 1410 vero
3109 1354 3515 1409 incrementum

1938 1448 2102 1502 etiam
2136 1448 2219 1504 sui
2250 1448 2472 1519 aliquod
2506 1448 2926 1520 excogitaverit.
2983 1446 3120 1501 Nam
3185 1448 3264 1501 illi
3324 1455 3513 1517 patent

1942 1538 2293 1607 imperatoris
2358 1555 2543 1607 aures,
2601 1548 2688 1609 et,
2726 1540 2872 1611 quod
2929 1546 3096 1609 caput
3131 1546 3237 1603 est,
3298 1539 3517 1594 animus

1942 1629 2079 1698 ipse,
2120 1630 2272 1699 quod
2300 1629 2369 1685 ad
2403 1647 2466 1687 ea
2497 1633 2680 1686 omnia
2704 1648 2827 1703 quae
2855 1633 3006 1698 velit,
3033 1640 3241 1686 utatur.
3277 1632 3340 1685 Et
3362 1633 3518 1702 quid-

1942 1719 2079 1788 quid
2111 1720 2423 1775 Antiochus
2448 1721 2744 1790 potestatis
2780 1721 2967 1785 habet,
3006 1722 3058 1775 in
3095 1721 3242 1776 illius
3279 1736 3519 1775 commo-

258 1789 354 1881 ξος
376 1789 486 1865 ὅσα,
512 1789 781 1882 βούλεται.
824 1814 1092 1883 ’Δντξοχον
1112 1789 1247 1884 ἡγοῦ
1268 1813 1341 1885 μὴ
1356 1814 1446 1867 τὸν
1475 1815 1581 1868 ἀπὸ
1602 1816 1838 1887 Γρατια·

1943 1809 2068 1863 dum
2109 1809 2314 1865 habet:
2346 1789 2528 1881 potest
2576 1819 2758 1865 autem
2813 1811 3117 1867 Antiochus
3168 1827 3517 1883 quaecunque

252 1901 377 1967 ⁴νυοῦ,
416 1902 478 1957 τὸ
511 1903 656 1975 ίερὸν
686 1904 1018 1975 ἀνθρώπιον,
1049 1906 1109 1959 τὸ
1144 1907 1416 1975 βέλτιστον
1441 1907 1539 1977 μὲν
1563 1909 1690 1972 τοὺς
1716 1910 1840 1981 τρό-

259 2009 420 2057 πους,
466 1993 871 2065 είδεχθέστατον
912 1996 969 2048 δὲ
1002 1997 1099 2067 τὴν
1124 1996 1266 2066 ὄψιν.
1316 1998 1454 2051 Ἀλλ’
1484 1999 1670 2070 ἕτερός
1693 2002 1839 2055 ἐστιν

254 2083 291 2134 ό
322 2082 601 2147 νεανίσκος
630 2086 659 2137 ό
699 2085 1007 2156 πρόκοιλος,
1052 2087 1080 2138 ὁ
1119 2088 1313 2160 Ναρσῇ
1352 2088 1431 2160 τῷ
1458 2091 1640 2162 Πέρση
1671 2109 1842 2163 παρα-

252 2170 648 2237 δυναστεύσας.
717 2172 920 2229 Τοῦτον
963 2176 1023 2242 ὲξ
1069 2178 1278 2231 ἐκείνου
1319 2179 1481 2251 μέχρι
1510 2180 1606 2234 νῦν
1635 2184 1669 2253 ἡ
1700 2182 1837 2255 τύχη

249 2262 440 2333 ,μέγαν
464 2266 628 2319 ποιεῖ.
664 2265 882 2321 Τούτων
909 2267 1082 2332 οὕτως
1126 2269 1383 2339 ἐχόντων,
1428 2272 1576 2336 εἰκός
1608 2274 1725 2327 ἐστι
1749 2292 1841 2328 κο-

260 2350 440 2424 ρώνης
463 2354 743 2420 ἐνιαυτοὺς
762 2356 921 2427 ἄρξαι
947 2359 1077 2431 παρ’
1096 2360 1231 2429 ἡμῖν
1261 2360 1354 2413 τὸν
1375 2359 1715 2415 δικαιότατον
1737 2363 1839 2435 ap.

257 2460 443 2513 κοντα,
487 2446 583 2501 τοῦ
636 2448 738 2520 μὲν
778 2448 909 2503 ὄντα
960 2451 1217 2522 συγγενῆ,
1240 2450 1334 2505 τοῦ
1378 2452 1438 2506 δὲ
1468 2454 1666 2509 οἰκεῖον
1690 2453 1841 2524 γενό-

256 2550 447 2604 μενον.

788 2808 1135 2862 ΕΠΙΣΤΟΛΗ
1172 2806 1321 2863 ΡΙΔ’.

330 2990 580 3063 Πυνθάνῃ
607 3006 677 3044 πε
683 2989 740 3061 pi.
770 2902 1326 3062 Διοσκῖξίόύλῖόσους
1356 2990 1685 3059 ἀπαγγέλλει
1721 2990 1839 3065 [γρ.

246 3080 579 3153 ἀπαγγέλοι]
624 3081 837 3152 στίχους
881 3080 1118 3151 ἑκάστης
1176 3080 1421 3153 ήμέραςς
1484 3082 1838 3153 πεντήκοντα.

1938 1901 2095 1955 libet.
2130 1901 2460 1957 Antiochum
2489 1903 2636 1967 dico,
2672 1919 2780 1957 non
2817 1919 2942 1958 eum
2975 1903 3069 1972 qui
3104 1918 3230 1957 cum
3253 1902 3516 1957 Gratiano

1938 1991 2064 2058 fuit,
2102 1982 2354 2047 sanctum
2386 1994 2835 2061 homuncionem,
2869 1994 3118 2050 moribus
3167 1995 3517 2065 spectatissi-

1937 2082 2068 2145 mis,
2099 2081 2195 2138 sed
2227 2082 2429 2152 oppido
2457 2082 2785 2138 deformem.
2858 2081 3061 2138 Verum
3099 2083 3243 2138 alius
3294 2083 3515 2152 quidam

1936 2182 2018 2226 est
2040 2171 2263 2241 juvenis
2292 2180 2610 2235 ventrosus,
2647 2175 2744 2242 qui
2804 2172 2949 2242 apud
3018 2171 3229 2227 Narsen
3292 2171 3515 2227 Persam

1937 2261 2210 2331 praecipua
2262 2263 2317 2316 in
2373 2262 2703 2317 auctoritate
2774 2261 2920 2327 fuit,
2988 2261 3349 2331 eamdemque
3389 2269 3517 2331 post

1936 2367 2064 2407 eum
2106 2353 2359 2407 retinnit.
2389 2354 2470 2408 Ab
2500 2369 2566 2408 eo
2603 2365 2849 2422 tempore
2883 2367 3140 2422 magnum
3167 2350 3323 2405 illum
3381 2352 3515 2407 huc-

1940 2457 2120 2511 usque
2151 2443 2370 2496 fortuna
2402 2444 2599 2498 reddit.
2634 2446 2765 2510 ριιιε
2799 2458 2925 2498 cum
2958 2445 3032 2497 ita
3062 2444 3517 2506 sint,consenta-

1940 2545 2106 2584 neum
2132 2538 2218 2585 est
2242 2533 2487 2588 cornicis
2521 2548 2698 2589 annos
2728 2531 3089 2603 praefuturum
3119 2533 3278 2589 nobis
3308 2532 3513 2603 aequis-

1938 2623 2139 2678 simum
2179 2624 2584 2694 magistratum,
2628 2626 2884 2696 quicum
2927 2625 3103 2680 altero
3151 2626 3513 2698 cognatione,

1937 2728 2065 2770 cum
2088 2714 2261 2771 altero
2286 2715 2698 2772 necessitudine
2732 2716 2807 2771 sit
2835 2716 3175 2783 coniunctus

2471 2805 2804 2862 EPISTOLA
2850 2804 2991 2863 CXI.

2628 2898 2840 2954 Troilo.

2013 2986 2230 3053 Quaeris
2264 2987 2333 3044 de
2364 2987 2649 3054 Dioscoro,
2692 2998 2827 3059 quot
2864 3004 3060 3048 versus
3087 2990 3338 3063 quatidie
3386 2992 3518 3061 pro;

1941 3080 2201 3135 nuntiat?
2225 3079 2654 3151 quinquaginta.
2686 3079 2797 3138 Hos
2827 3080 3052 3152 quidem
3107 3080 3314 3147 reddit,
3357 3080 3515 3136 mihi

255 3172 494 3237 Τούτους
546 3172 898 3237 ἀποδίδωσιν,
942 3172 1005 3225 οὐ
1060 3172 1434 3244 προσπταίων,
1482 3173 1543 3225 οὐ
1592 3171 1838 3240 διλογῶν,

1943 3170 2222 3236 haesitans,
2254 3170 2393 3225 nihil
2426 3170 2627 3225 iterato
2657 3179 2911 3241 repetens
2939 3211 2956 3237 ,
2991 3187 3167 3242 neque
3216 3170 3515 3226 identidem

252 3265 360 3318 οὐκ
385 3264 741 3335 ἐφιστάμενος
771 3263 856 3332 ἐφ’
886 3257 931 3332 ᾧ
967 3263 1067 3333 τὴν
1101 3263 1407 3334 ἀνάμνησιν
1444 3263 1694 3335 ἀθροῖσαι
1744 3263 1841 3317 σὺν

255 3358 461 3428 χρόνῳο
489 3356 603 3410 ἀλλ’
636 3356 853 3410 ἐπειδὰν
886 3355 1117 3427 ἄρξηται
1155 3355 1353 3425 λέγειν,
1381 3356 1685 3409 κατατείνει
1713 3370 1839 3410 συν-

252 3446 400 3518 εχῶς
421 3462 435 3475 ·
469 3446 564 3499 καὶ
592 3447 625 3517 η
651 3445 831 3515 σιωπὴ
864 3445 1014 3510 τέλος
1046 3446 1162 3498 ἔστι
1180 3448 1280 3515 τῆς
1309 3444 1671 3514 ἀπαγγελίας.

773 3537 1120 3591 ΕΠΙΣΤΟΛΗ
1170 3537 1319 3592 Ριεν.

898 3625 984 3691 Τῷ
1020 3625 1201 3691 αὐτῷ.

330 3716 469 3773 Οὔτε
503 3720 597 3774 ἐπὶ
629 3722 742 3783 τοῖς
769 3718 951 3780 αὐτοῖς
979 3716 1257 3788 ἄνθρωποι
1289 3714 1503 3786 φιλοῦσι
1549 3714 1644 3769 καὶ
1684 3717 1839 3770 ἐπαι-

253 3807 471 3863 νοῦσιν·
507 3808 630 3863 οὔτε
668 3809 765 3880 μία
809 3807 1036 3878 δύναμις
1068 3807 1168 3877 τῆς
1198 3805 1377 3877 ψυχῆς
1410 3805 1496 3860 ἐπ’
1540 3807 1707 3877 ἄμφω
1746 3805 1837 3860 τέ·-

252 3915 454 3952 τακται
483 3900 677 3955 ταῦτα.
720 3898 883 3953 Ἀλλά
918 3898 998 3969 τῷ
1030 3898 1317 3969 παθητικῷ
1349 3899 1445 3968 μὲν
1468 3898 1837 3969 οἰκειούμεθα,

254 3992 353 4044 καὶ
390 3990 846 4063 ἀλλοτριούμεθαο
903 3991 981 4063 τῷ
1032 3990 1089 4044 δὲ
1142 3991 1347 4061 κρίνειν
1394 3991 1695 4062 δυναμένῳ,
1741 3990 1838 4045 καὶ

252 4084 412 4151 λόγον
442 4083 615 4155 ἔχοντι
654 4084 752 4156 τῆς
775 4083 975 4154 ψυχῆς,
1017 4081 1345 4152 ἐπαινοῦμέν
1386 4098 1445 4135 τε
1483 4083 1574 4136 καὶ
1626 4083 1839 4154 μεμφό-

256 4172 419 4246 μεθα.

774 4350 1120 4405 ΕΠΙΣΤΟΛΗ
1165 4348 1311 4403 PII".

856 4437 942 4504 Τῷ
985 4437 1245 4507 ἀδελφῷ.

327 4528 460 4585 Εῐτα
486 4532 611 4595 τοὺς
644 4530 741 4602 μὲν
774 4530 1171 4602 κακοδαίμονας
1202 4528 1423 4593 τούτους
1457 4528 1672 4600 ὁρῶμεν
1704 4528 1840 4582 ἀπο-

254 4620 511 4691 θνήσκειν
547 4619 828 4683 ὲθέλοντας
876 4619 1019 4690 ὑπὲρ
1060 4618 1169 4672 τῶν
1220 4618 1535 4689 ἀλλοτρίων,
1579 4619 1716 4672 ἀττα
1770 4618 1838 4672 ἂν

254 4711 406 4764 λείαν
458 4710 957 4781 περιποιήσωνται,
1000 4707 1096 4761 τοῦ
1157 4708 1353 4780 μηκέτι
1401 4708 1663 4779 προέσθαι
1725 4710 1837 4773 τοῖς

256 4803 469 4872 κυρίοις
506 4802 678 4855 αύτάο
719 4802 878 4871 ἡμεῖς
919 4800 975 4852 δὲ
1024 4800 1165 4871 ὑπὲρ
1215 4798 1418 4871 χώρας,
1467 4800 1607 4872 ὑπὲρ
1655 4799 1835 4872 ίερῶν,

254 4895 399 4965 ὑπὲρ
444 4894 641 4964 νόμων,
700 4893 840 4963 ὑπὲρ
868 4891 1183 4962 κτημάτων,
1237 4885 1319 4955 οἷς
1363 4892 1513 4963 ἡμᾶς
1557 4892 1587 4945 ό
1643 4893 1833 4963 χρόνος

257 4984 679 5058 συνηθεστέρους
726 4984 1000 5054 εποίησεν,
1038 4982 1138 5036 οὐκ
1196 4982 1559 5055 ἀφειδήσομεν
1602 4983 1832 5054 ἑαυτῶν,

254 5078 393 5132 ἀλλά
444 5074 810 5147 περιεξόμεθα
859 5074 969 5127 τῶν
1021 5073 1250 5146 ψυχῶν;
1301 5074 1402 5127 οὐκ
1450 5074 1558 5144 ἄρα
1610 5073 1833 5144 δόξομεν

255 5169 449 5241 ἄνδρες
473 5162 634 5221 εἶναι.
672 5164 828 5235 Ἐμοὶ
855 5164 953 5236 μὲν
984 5159 1078 5218 οὖν
1108 5163 1316 5235 ίτητέον
1345 5163 1494 5217 ἐστὶν
1526 5164 1612 5216 ἐπ’
1639 5164 1836 5227 αὐτοὺς

1865 4454 1912 4512 D

1941 3255 2210 3313 insistens
2248 3257 2317 3311 ad
2344 3257 2706 3328 colligendam
2733 3274 2859 3314 cum
2885 3269 3139 3331 tempore
3158 3259 3514 3316 memoriam:

1940 3348 2034 3403 sed
2068 3357 2362 3418 postquam
2396 3350 2651 3421 coeperit,
2708 3351 2976 3407 continuo
3037 3352 3336 3423 percurrit,
3390 3368 3519 3424 pro-

1937 3439 2346 3511 nuntiandique
2375 3440 2500 3496 tlnis
2535 3450 2620 3496 est
2657 3440 2965 3498 silentium.

2366 3530 2531 3604 254
2563 3530 2897 3587 EPISTOLA
2928 3531 3091 3589 cxu.

2250 3668 2253 3669 ν
2631 3620 2837 3677 Eidem.

2004 3709 2197 3783 Neque
2225 3711 2445 3769 easdem
2476 3712 2547 3767 ob
2601 3727 2804 3770 causas
2858 3713 3101 3785 diligunt
3153 3729 3221 3770 ac
3282 3713 3513 3771 laudant

1938 3802 2224 3870 homines,
2257 3819 2361 3860 nec
2395 3804 2587 3860 eadem
2624 3806 2819 3860 animae
2846 3804 3081 3863 facultas
3117 3807 3366 3877 utrisque
3404 3807 3512 3862 illis

1939 3894 2268 3964 praestandis
2285 3894 2547 3949 attributa
2570 3903 2677 3951 est.
2705 3894 2812 3949 Sed
2839 3911 2903 3951 ea
2936 3896 3157 3966 quidem
3189 3909 3366 3966 parte,
3400 3912 3512 3967 qua

1939 3985 2223 4042 affectibus
2252 4000 2571 4052 movemur,
2631 3987 3013 4053 conciliamur,
3053 3994 3149 4041 aut
3202 3988 3513 4044 alienamur

1937 4078 2169 4134 invicem
2201 4096 2215 4133 :
2247 4093 2369 4149 quae
2401 4093 2531 4134 vero
2557 4079 2839 4149 iudicandi
2869 4080 2915 4134 vi
2948 4079 3169 4149 praedita
3202 4087 3307 4142 est.
3340 4087 3397 4135 et
3423 4094 3513 4136 ra-

1936 4168 2141 4225 tionem
2170 4167 2438 4234 continet,
2470 4182 2535 4224 ea
2557 4168 2868 4235 laudamus,
2904 4178 2999 4224 aut
3035 4167 3509 4255 reprehendimus.

2445 4346 2787 4405 EPISTOLA
2818 4347 2982 4403 CXIII

2617 4438 2828 4493 Fratri.

2006 4525 2160 4585 Itane
2190 4529 2363 4585 vero?
2391 4529 2628 4585 miseros
2659 4528 2785 4584 illos
2818 4526 3104 4583 videamus
3129 4536 3328 4599 sponte
3362 4542 3509 4584 mor-

1935 4624 2043 4674 tem
2075 4634 2282 4690 cupere
2311 4634 2410 4691 pro
2450 4618 2648 4675 alienis
2674 4619 2841 4675 rebus
2890 4627 3171 4688 oppetere,
3234 4634 3513 4690 quascun-

1934 4726 2041 4782 que
2068 4710 2367 4783 depraadati
2397 4710 2600 4767 fuerint
2627 4726 2642 4776 ;
2675 4725 2744 4765 ne
2773 4725 2991 4765 rursum
3022 4710 3113 4773 iis,
3145 4725 3379 4780 quorum
3404 4711 3511 4767 illa

1935 4809 2085 4868 sunt,
2119 4802 2351 4858 reddere
2384 4809 2697 4873 cogantur:
2737 4816 2839 4858 nos
2882 4816 2981 4872 pro
3016 4801 3245 4857 sedibus
3276 4803 3506 4867 nostris,

1939 4907 2040 4961 pro
2069 4892 2265 4959 sacris,
2298 4907 2399 4963 pro
2431 4892 2666 4962 legibus,
2697 4906 2802 4963 pro
2855 4890 3115 4957 fortunis,
3171 4892 3372 4963 quibus
3407 4908 3511 4949 nos

1938 4981 2113 5052 magis
2161 4982 2425 5051 temporis
2471 4982 2810 5038 diuturnitas
2845 4981 3162 5046 assuefecit,
3217 4997 3326 5036 non
3369 4984 3512 5052 peri-

1940 5070 2081 5126 eulis
2102 5070 2359 5126 omnibus
2376 5071 2540 5126 vitam
2577 5086 2935 5142 exponemus,
2964 5072 3061 5128 sed
3088 5073 3286 5129 anima:
3307 5086 3512 5129 nostras

1939 5164 2337 5221 consulemus?
2374 5163 2533 5221 Haud
2555 5180 2690 5221 sane
2716 5165 2819 5220 viri
2857 5180 2983 5223 esse
3010 5164 3339 5221 videbimur.
3376 5164 3508 5220 Mihi

1484 5317 1663 5375 DION.
1704 5318 1981 5377 PETAVII
2018 5318 2247 5377 NOTE.

331 5458 445 5528 (53)
484 5458 594 5512 Καὶ
640 5457 759 5512 ὅσα
803 5458 1121 5525 Ἀντίοχος.
1170 5452 1269 5509 ilic
1314 5454 1405 5509 ille
1451 5462 1556 5518 est,
1606 5454 1826 5522 opinor,

258 5529 587 5598 Antiochus,
637 5542 801 5598 quem
852 5528 1190 5598 lsdegerdes,
1235 5535 1361 5598 post
1404 5532 1714 5593 susceptam
1759 5540 1827 5578 ex

258 5597 483 5651 Arcadii
515 5594 845 5651 testamento
894 5594 1188 5651 Theodosii
1222 5596 1469 5653 tutelam,
1515 5601 1831 5648 curatorem

262 5671 332 5721 ad
361 5683 484 5721 eum
513 5666 833 5721 destinavit.
865 5666 1002 5720 Vide
1029 5664 1327 5725 Zonaram.
1354 5663 1588 5719 Cedren.
1637 5670 1693 5717 et
1736 5660 1831 5715 Ni-

258 5738 421 5808 ceph.
455 5736 548 5793 lib.
581 5752 695 5806 xiv,
727 5751 780 5793 c.
818 5734 1185 5810 t._De_altero
1212 5733 1504 5801 Antiocho,
1529 5746 1690 5804 quem
1721 5730 1831 5786 ἀπὸ

1937 5454 2236 5526 Γρατιανοῦ
2271 5455 2543 5526 nominat,
2591 5454 2729 5526 nihil
2764 5454 3000 5526 extrico.
3040 5451 3284 5526 Isidorus
3320 5447 3504 5526 Peius.

1936 5516 2030 5598 lib.
2065 5544 2120 5598 ι,
2138 5526 2303 5595 epist.
2331 5524 2453 5598 36,__
2474 5516 2747 5598 Antiocho
2775 5521 3224 5598 cnida_m_scrib_it
3252 5516 3508 5598 eunucho

1935 5589 2357 5666 palatiifquem
2402 5595 2554 5651 illum
2590 5594 2769 5665 ipsum
2817 5592 2887 5649 ab
2935 5589 3223 5662 lsdegerde
3270 5589 3505 5643 missum

1935 5665 2060 5723 esse
2089 5665 2358 5735 suspicor.
