3838 6236
382 260 523 337 1-295
1444 264 1714 323 svsssn
1755 265 1979 324 ιιτοιε

2122 267 2219 326 ωε
2249 267 2561 328 Εριεοοιτι
3516 271 3671 327 1m

382 382 781 455 qnidem,ntut
818 380 1015 451 habeo,
1053 391 1202 439 recta
1243 381 1299 439 in
1358 384 1487 442 illos
1538 387 1780 444 cundum
1839 397 1983 457 est,.

2122 409 2126 447 τ
2163 390 2293 462 ιχω,
2321 391 2418 446 καὶ
2447 393 2645 462 πεῖραν
2682 388 2917 462 ληπτέον
2944 388 3054 443 τῶν
3081 390 3260 445 πάντα
3287 388 3505 443 τούτων
3535 389 3670 443 τολ-

381 477 927 550 experimentumque
958 479 1027 533 de
1053 485 1161 533 tam
1187 477 1491 535 audacibus
1523 479 1840 539 hominibus
1869 497 1956 537 ca-

2122 480 2302 549 ὀντων,
2332 482 2527 546 οἵτινες
2556 482 2710 545 ὅντες
2737 480 2952 546 ἀξιοῦσι
2988 480 3276 551 Ῥωμαίων
3315 478 3665 548 καταγελᾷν,

384 569 685 642 piendum;
722 567 916 639 quales
946 567 1164 623 tandem
1201 583 1327 623 cum
1372 569 1503 637 sint,
1536 572 1801 628 insultare
1846 571 1956 628 Ro-

2122 573 2288 626 όντων
2337 574 2486 637 ὅπως
2514 572 2648 627 ποτὲ
2694 571 2929 643 ἔχουσιν.
2977 572 3116 624 Ἀλλ’
3161 572 3196 641 ἠ
3241 570 3493 642 κάμηλος
3542 570 3666 640 γάρ

384 661 566 716 manis
595 674 703 715 non
741 658 1016 727 dubitent,
1042 674 1374 731 quocunque
1416 660 1454 717 ii
1504 663 1668 719 modo
1698 680 1822 721 sese
1851 664 1952 720 ba-

2122 684 2166 732 ι,
2218 665 2381 737 φασὶ,
2434 665 2530 720 καὶ
2576 664 2841 737 ωριῶσα
2890 663 3099 718 πολλῶν
3147 662 3283 717 δνων
3328 661 3665 718 ἀνατίθεται

383 754 568 809 beant.
590 749 847 807 Camclus
875 749 1044 814 enim,
1071 751 1245 815 aiunt,
1294 753 1456 807 etiam
1497 754 1784 812 scabiosus
1813 756 1954 811 mul-

2123 756 2268 829 ρτία.
2306 757 2467 811 ’Δλλά
2495 757 2603 829 μὴν
2631 758 2727 812 καὶ
2746 756 3190 828 ἀποθνήσκοντας
3224 755 3302 820 ὡς
3348 754 3565 809 ἐπίπαν
3596 754 3665 807 ὲν

387 852 565 899 torum
591 842 871 898 asinorum
901 856 1071 897 onera
1094 844 1351 899 sustinet.
1387 842 1682 903 Enimvero
1716 856 1773 901 et
1812 848 1951 903 mori

2122 848 2168 911 ῖς
2197 848 2460 911 τοιούτοις
2496 847 2608 920 ὁρῶ
2644 848 2771 911 τοὺς
2815 847 2945 919 περὶ
2986 847 3238 901 πλείστου
3284 842 3670 917 ποιουμένους

387 937 561 991 ferme
589 936 643 990 in
672 934 945 1005 ejusmodi
979 935 1200 993 casibus
1232 950 1329 992 eos
1363 936 1545 1006 video,
1566 938 1661 1010 qui
1691 940 1817 995 vita!
1846 956 1961 998 sua:

2159 935 2293 1009 ζῇν·
2346 938 2443 992 καὶ
2493 936 2722 1002 ζῶντας,
2761 939 2877 993 ὅσοι
2924 937 3021 992 τοῦ
3056 937 3156 1009 ζῇν
3205 934 3665 1004 ἀπεγνώκασαν.

387 1026 783 1083 conservandae
820 1026 1112 1098 plurimum
1184 1027 1445 1094 student;
1500 1038 1555 1085 et
1592 1030 1797 1097 vivere,
1833 1032 1961 1103 qui-

2122 1028 2274 1084 ιύτων
2299 1028 2511 1102 ἔσομαι.
2545 1029 2871 1101 Μαχήσομαι
2898 1028 3007 1099 γὰρ
3055 1029 3131 1092 ὡς
3167 1026 3627 1097 ἀποθανούμενος

389 1135 607 1189 cunque
635 1118 802 1174 vitam
830 1118 1258 1190 desperaverint.
1287 1118 1496 1175 llorum
1528 1134 1631 1191 ego
1671 1136 1815 1177 unus
1839 1137 1957 1179 ero.

2122 1122 2150 1175 ιὶ
2171 1117 2231 1177 εὗ
2263 1118 2357 1175 οἷδ’
2387 1121 2470 1175 ὅτι
2496 1121 2837 1193 περιέσομαι.
2885 1121 3080 1177 Λάκων
3110 1120 3219 1192 γὰρ
3258 1120 3470 1175 ἄνωθέν
3501 1120 3655 1188 εἰμι,

389 1211 655 1281 Pugnabo
704 1211 853 1269 enim
908 1217 1169 1281 tanquam
1209 1211 1551 1269 moriturus:
1608 1226 1710 1268 nec
1767 1212 1959 1269 dubito

2122 1216 2150 1268 Li.
2183 1209 2302 1270 οῖδα
2335 1215 2434 1286 τὴν
2466 1212 2604 1286 πρὸς
2646 1214 2919 1269 Λεωνίδαν
2960 1212 3246 1280 ἐπιστολὴν
3283 1211 3394 1264 τῶν
3438 1209 3667 1262 τελῶν·

390 1304 525 1375 quin
560 1309 845 1372 superstes
869 1302 971 1356 sim
1005 1301 1245 1361 futurus.
1280 1304 1324 1359 Α
1355 1303 1783 1361 Lacedaemoniis
1811 1306 1958 1361 enim

2122 1308 2400 1378 αχέσθων
2425 1309 2505 1375 ὠς
2529 1306 2969 1377 τεθνηξόμενοι,
3002 1305 3099 1359 καὶ
3136 1307 3210 1360 οὐ
3238 1302 3670 1366 τεθνήξονται-

390 1406 574 1449 ortum
609 1395 783 1460 duco,
845 1404 901 1449 et
932 1395 1351 1465 magistratuum
1418 1397 1483 1453 ad
1528 1396 1825 1453 Leonidam
1860 1398 2073 1458 litteras
2100 1402 2273 1473 probe
2300 1410 2493 1458 teneo:
2529 1400 2807 1474 Tanquam
2831 1400 2979 1457 illico
3008 1399 3257 1457 morituri
3294 1397 3573 1465 dimicent,
3614 1405 3676 1451 et

393 1505 498 1544 κοη
534 1498 818 1543 morientur
834 1525 848 1541 ο

907 1618 1250 1679 EPISTOLA
1278 1622 1462 1679 CXIV.

1078 1735 1287 1792 Eidem.

471 1848 538 1910 Et
569 1848 816 1914 miraris,
848 1863 975 1903 cum
1004 1847 1147 1920 apud
1175 1858 1444 1906 aestuosas
1473 1849 1787 1922 Pltycnntas
1820 1851 1972 1908 babi-

398 1948 503 2007 tcs,
533 1941 578 1995 si
618 1940 817 2011 rigeas,
852 1947 908 1995 et
938 1940 1261 2011 sanguinem
1289 1942 1649 2012 corruperis?
1683 1944 1752 1998 At
1779 1956 1969 2000 contra

398 2031 712 2087 mirandum
753 2032 860 2087 hoc
886 2047 1021 2091 sane
1052 2031 1214 2093 foret,
1241 2034 1285 2087 si
1307 2048 1513 2105 corpus
1541 2044 1693 2090 tuum
1720 2036 1972 2094 ardorem

399 2123 553 2178 illum
579 2130 766 2194 posset
799 2124 1144 2193 pervincere.
1180 2121 1383 2179 Verum
1434 2132 1591 2194 potes
1622 2135 1705 2193 tu,
1757 2126 1974 2183 favente

398 2213 536 2279 Deo,
568 2214 616 2273 si
640 2214 706 2269 ad
733 2229 836 2271 nos
861 2214 1210 2286 migraveris,
1233 2216 1599 2272 valetudinem
1626 2232 1973 2287 recuperare,

399 2313 692 2377 postquam
720 2320 846 2361 aere
875 2320 941 2361 ex
972 2306 1204 2377 palustri
1235 2321 1435 2378 vapore
1463 2307 1667 2363 infecto
1710 2308 1975 2365 liberatus

2611 1620 2958 1676 EHIZTOAH
2989 1618 3133 1675 PIA'.

2712 1735 2798 1802 Τῷ
2833 1734 3016 1802 αὐτῷ.

2144 1850 2277 1907 Εἶτα
2300 1851 2621 1924 θαυμάζεις,
2643 1852 2771 1916 τοὺς
2795 1850 3102 1922 αὐχμώδης
3124 1847 3439 1911 Φυκοῦντας
3466 1846 3679 1910 οἰκῶν,

2070 1947 2124 1999 εἰ
2156 1947 2348 2016 ριγοῖς,
2395 1945 2489 1999 καὶ
2535 1945 2596 1998 τὸ
2641 1938 2781 2015 αἷμα
2820 1943 3291 2015 ὲξεπονήρευσαςς
3339 1938 3681 1993 Τούναντίον

2075 2036 2259 2107 μέντοι
2297 2033 2595 2106 θαυμάζειν
2653 2033 2842 2106 ἐχρῆν,
2890 2034 2943 2087 εῐ
2990 2051 3075 2087 σοι
3116 2031 3176 2085 τὺ
3224 2030 3384 2101 σῶμα
3414 2029 3678 2101 κρεῖττόν

2073 2127 2193 2180 ἐστι
2236 2125 2338 2195 τῆς
2379 2124 2566 2179 αὑτὸοι
2617 2124 2831 2195 φλογός.
2868 2124 3007 2177 Ἀλλ’
3042 2123 3156 2177 εστι
3206 2139 3289 2177 σοι
3335 2124 3467 2192 παρ’
3520 2123 3674 2191 ἡμᾶς

2075 2218 2283 2273 ἐλθόντι
2336 2218 2434 2271 σὺν
2477 2217 2553 2287 τῷ
2600 2215 2738 2286 Θεῷ,
2783 2216 2933 2291 ῥᾴονι
2977 2215 3247 2284 γενέσθαι,
3290 2213 3674 2279 ἀπαλλαγέντι

2076 2310 2177 2381 μὲν
2206 2309 2364 2381 ἀέρος
2387 2307 2727 2379 διεφθορότος
2755 2309 2819 2361 ἐκ
2845 2306 2942 2377 τῆς
2967 2306 3194 2371 ἑλώδους
3222 2304 3466 2376 ἀτμίδος,
3490 2303 3674 2356 ἀπαλ-

400 2397 612 2464 Iueris;
651 2398 917 2453 liberatus
946 2399 1074 2454 item
1104 2400 1266 2468 aquis
1300 2398 1488 2465 salsis,
1514 2414 1577 2453 ac
1617 2400 1838 2472 tepidis,
1879 2415 1975 2470 pe-

2122 2400 2291 2471 ιγὲντι
2321 2400 2378 2454 δὲ
2412 2399 2601 2463 ὓδατος
2639 2398 2864 2463 ἁλυκοῦ,
2907 2399 3002 2453 καὶ
3031 2398 3277 2470 χλιαροῦ,
3305 2397 3399 2451 καὶ
3435 2395 3498 2449 τὸ
3547 2396 3674 2449 ὅλον

400 2491 662 2561 nitusque
692 2489 1012 2558 stantibus;
1041 2489 1187 2561 quod
1231 2490 1374 2547 idem
1413 2498 1498 2547 est
1534 2506 1600 2545 ac
1632 2492 1679 2548 si
1736 2492 1974 2547 mortuis

2122 2494 2336 2556 πῶτος·
2370 2492 2399 2546 δ
2426 2492 2623 2546 ταυτὸν
2660 2493 2833 2545 εἰπεῖν
2869 2491 2962 2545 καὶ
2990 2490 3204 2561 νεκροῦ.
3239 2490 3305 2543 Τί
3333 2489 3390 2542 δὲ
3425 2488 3523 2541 καὶ
3564 2505 3672 2540 κα-

401 2581 603 2636 dicam.
636 2580 769 2647 Quae
800 2595 932 2636 vero
955 2580 1178 2637 tandem
1204 2581 1465 2652 voluptas
1510 2589 1618 2645 est,
1671 2580 1727 2636 in
1778 2581 1979 2637 littoris

2122 2598 2167 2640 iv
2221 2587 2313 2640 ἐπὶ
2359 2584 2455 2659 τὴν
2501 2585 2727 2655 ψάμμον
2766 2584 2865 2655 τὴν
2913 2583 3201 2652 αἰγιαλῖτιν
3242 2583 3562 2642 ἀναπεσεῖν,
3604 2580 3674 2649 ἦν

403 2686 571 2727 arena
605 2673 952 2737 recumbere,
993 2673 1088 2743 qui
1127 2672 1330 2729 unicus
1379 2672 1535 2726 vobis
1560 2679 1645 2727 est
1680 2671 1982 2727 secessus?

2123 2677 2247 2748 ὁνην
2293 2675 2442 2747 ἔχετε
2494 2675 2814 2747 διατριϐήνς
2852 2673 2955 2727 ποῦ
2987 2673 3096 2745 γὰρ
3141 2672 3205 2744 δὴ
3250 2672 3343 2726 καὶ
3382 2673 3672 2742 τραπήσε,

403 2762 565 2838 355
601 2762 734 2818 Nam
770 2779 880 2835 quo
909 2763 1130 2825 demum
1174 2777 1273 2819 vos
1337 2763 1604 2819 vertetis?
1662 2764 1822 2833 Apud
1878 2778 1979 2818 nos

2122 2768 2210 2833 De;
2259 2767 2464 2821 'Ev0a8l.
2506 2767 2584 2829 δὲ,
2630 2761 2743 2820 οἷον
2794 2767 2892 2837 μὲν
2944 2765 3093 2819 ἐστιν
3143 2764 3394 2818 ὑπελθεῖν
3446 2763 3673 2832 δένδρου

402 2871 538 2911 vero
570 2857 697 2913 licet
724 2857 828 2914 sub
859 2857 1077 2912 arboris
1101 2857 1291 2915 umbra
1320 2856 1631 2912 considere.
1667 2856 1762 2911 Sin
1801 2864 1854 2912 te
1902 2857 1981 2910 fa-

2122 2859 2259 2919 κιάν.
2290 2858 2409 2918 Κᾶν
2438 2858 2863 2929 δυσαρεστήσῃς,
2898 2856 3045 2909 ἐστιν
3076 2855 3304 2925 ἀμεῖψαι
3344 2855 3566 2921 δένδρον
3610 2857 3677 2913 ὲκ

404 2948 633 3005 ιιίιϋιιω
662 2948 888 3020 capiat,
926 2949 996 3004 ab
1028 2963 1136 3004 una
1171 2946 1239 3002 ad
1278 2948 1440 3003 aliam
1476 2946 1754 3011 arborem,
1788 2955 1884 3002 aut
1914 2948 1981 3001 ab

2122 2950 2319 3021 ἑνδρου,
2352 2950 2445 3003 καὶ
2477 2949 2597 3003 δλον
2639 2948 2800 3012 ἄλσος
2821 2948 2877 3015 ἐξ
2907 2948 3123 3011 ἄλσους.
3171 2946 3297 3002 Οἷον
3339 2946 3398 3001 δὲ
3433 2946 3495 3000 τδ
3551 2946 3674 3001 δια-

404 3040 912 3096 nemore'transire
947 3040 1014 3096 ad
1068 3054 1267 3099 nemus
1301 3038 1451 3099 aliud
1502 3039 1646 3095 licet.
1686 3038 1861 3105 Quale
1898 3044 1981 3093 est

2122 3043 2244 3113 ῆναι
2277 3041 2589 3113 παραρρέον
2623 3040 2867 3107 ὑδάτιον;
2910 3040 2997 3104 Ὦς
3035 3040 3133 3111 ἡδὺ
3181 3041 3212 3094 δ
3255 3039 3489 3110 ζέφυρος
3539 3041 3679 3093 ὑπο⁴

406 3138 590 3191 autem
611 3130 1067 3202 prasterﬂuentem
1095 3131 1355 3202 aquolam
1379 3130 1792 3187 transmittere?
1807 3128 1979 3195 Ouam

2123 3135 2251 3190 ινῶν
2278 3134 2462 3205 ἠρέμα
2504 3134 2631 3197 τοὺς
2666 3132 2931 3200 κλάδουςς
2964 3133 3203 3187 ποικίλαι
3231 3132 3288 3185 δὲ
3320 3132 3413 3186 καὶ
3437 3132 3681 3202 ὀρνίθων

406 3228 492 3277 est
518 3220 797 3291 iucundus
832 3223 1089 3280 favonius
1120 3225 1216 3297 qui
1261 3239 1446 3280 ramos
1480 3224 1676 3281 leniter
1711 3221 1983 3293 impellit?

2122 3226 2241 3291 »δαὶ,
2276 3224 2370 3279 καὶ
2403 3223 2609 3277 ἀνθέων
2646 3222 2846 3293 χροιαὶ,
2896 3223 2991 3276 καὶ
3033 3221 3295 3292 λειμῶνος
3327 3219 3558 3291 θάμνοι·
3609 3222 3681 3273 τὰ

410 3310 519 3371 Sed
542 3328 721 3384 neque
754 3315 891 3370 varii
927 3324 1235 3371 concentus
1279 3316 1567 3370 volucrum
1620 3314 1857 3378 desunt;
1893 3327 1983 3367 ne-

2122 3317 2210 3383 ὲν,
2254 3315 2528 3386 γεωργίας
2573 3312 2744 3386 ἔργακ
2779 3314 2849 3368 τὰ
2896 3313 2976 3380 δὲ,
3022 3312 3235 3383 φύσεως
3268 3312 3447 3383 δῶρα’
3490 3313 3681 3366 πάντα

410 3421 520 3476 que
547 3405 752 3461 ﬂorum
775 3408 1044 3478 picturae;
1086 3417 1182 3464 aut
1218 3409 1270 3462 in
1306 3410 1478 3479 pratis
1512 3408 1759 3469 frutices,
1792 3405 1983 3477 partim

2123 3409 2264 3480 ὐώδη
2285 3424 2299 3439 ·
2336 3407 2439 3478 γῆς
2467 3405 2812 3477 ὑγιαινούσης
2857 3406 3039 3477 χυμοί.
3074 3406 3146 3458 Τὸ
3181 3405 3239 3459 δὲ
3292 3404 3398 3457 τῶν
3420 3404 3680 3473 Νυμφῶν

410 3498 762 3569 agricultura:
786 3515 976 3571 opera,
1000 3501 1199 3571 partim
1225 3507 1436 3555 natura:
1467 3512 1716 3559 munera,
1739 3495 1989 3566 fragran-

414 3591 489 3645 tia
527 3592 735 3656 omnia,
760 3606 825 3647 ac
858 3593 1072 3647 telluris
1104 3593 1242 3647 bene
1266 3591 1467 3645 babitm
1502 3589 1675 3643 succi.
1712 3586 1990 3656 Nympha-

2094 3500 2288 3569 ἄντρον
2313 3498 2413 3550 οὐκ
2437 3496 2815 3567 ἐπαινέσομαι.
2851 3494 3143 3568 Θεοκρίτου
3169 3495 3277 3566 γὰρ
3297 3493 3393 3547 δεῖ.
3422 3494 3589 3546 Ἔστι
3621 3492 3681 3545 δὲ

2097 3606 2151 3644 τι
2179 3590 2274 3643 καὶ
2300 3588 2451 3659 παρὰ
2476 3588 2671 3643 ταῦτα.

410 3696 537 3736 rum
574 3696 742 3753 porro
792 3683 1109 3753 speluncam
1151 3683 1240 3739 hic
1284 3698 1387 3753 ego
1436 3683 1661 3739 minime
1703 3680 2034 3754 praedicabo.
2088 3679 2387 3735 Theocrito
2421 3678 2568 3736 enim
2620 3692 2760 3749 opus
2792 3684 2899 3734 est.
2934 3677 3014 3732 Ac
3052 3687 3238 3749 praatct
3291 3677 3407 3732 haec
3434 3716 3452 3743 ,
3503 3678 3674 3733 etiam

412 3773 563 3834 aliud
595 3785 683 3835 est
710 3778 998 3850 quiddam.

909 3890 1250 3948 EPISTULA
1313 3890 1474 3949 CXV.

938 4003 1210 4062 Theodoro
1238 4006 1458 4062 medico.

402 4101 409 4111 ’
480 4092 865 4172 Necessarium
912 4115 1117 4170 bonum
1164 4126 1248 4171 est
1277 4118 1383 4172 cibi
1418 4117 1780 4188 parcimonia.
1812 4116 1988 4184 Quam

414 4212 479 4262 ut
518 4205 661 4261 alius
715 4205 987 4281 quispiam
1030 4207 1297 4277 irriscrit,
1352 4209 1449 4263 tibi
1501 4219 1653 4264 certe
1702 4209 1856 4265 ncfas
1879 4217 1985 4275 est,

2614 3884 2961 3939 ΕΠΙΣΤΟΛΗ
2987 3883 3137 3936 PIE’.

2626 3996 2904 4065 Θεοδώρῳ
2951 3991 3145 4064 ἰατρῷ.

2166 4110 2396 4181 Ἀγαθὸν
2431 4112 2725 4179 ἀναγκαῖον
2772 4110 2806 4180 ἡ
2849 4108 3163 4176 δλιγοσιτία.
3194 4107 3299 4158 Ἦν
3341 4105 3531 4177 ἕτερος
3578 4109 3678 4178 μὲν

2085 4204 2152 4259 ἄν
2189 4222 2274 4268 τις
2322 4204 2417 4257 καὶ
2469 4202 2739 4274 σκώψειε’
2771 4203 2854 4255 σοὶ
2898 4200 2955 4254 δὲ
3004 4200 3065 4253 οὐ
3111 4198 3265 4267 θέμις
3308 4198 3676 4271 Ἱπποκράτην

415 4296 513 4368 qui
555 4296 937 4370 Hippocratem
967 4298 1163 4368 iactes,
1203 4300 1297 4370 qui
1336 4300 1391 4354 in
1422 4301 1682 4357 brevibus
1708 4302 1983 4358 sententiis

2122 4296 2363 4366 Oxoﬁvtt,
2398 4295 2457 4359 ὃς
2486 4294 2763 4368 ἀφορίζων
2796 4292 2930 4365 (54),
2959 4292 3060 4364 τὴν
3102 4290 3305 4346 ἔνδειαν
3347 4290 3453 4361 ἔφη
3488 4291 3674 4359 ὑγείας

416 4388 655 4449 inediam
688 4390 827 4446 dixit
848 4390 1104 4446 sanitatis
1131 4405 1255 4446 esse
1284 4402 1539 4448 matrem.

928 4503 1269 4562 EPISTOLA
1306 4505 1493 4562 CXVI.

1062 4621 1351 4676 Auxenlio.

422 4729 491 4795 In
510 4738 739 4786 montem
765 4739 858 4785 aut
878 4731 1051 4806 pelagi
1076 4734 1332 4787 undantes
1360 4750 1481 4789 cum
1503 4749 1770 4791 murmure
1788 4736 2001 4805 ﬂuctus.

493 4913 766 4972 Homerus
815 4914 1192 4971 contentionis
1260 4917 1400 4971 mala
1459 4916 1650 4987 procul
1713 4916 1999 4973 amandari

422 5003 719 5060 desiderat.
764 5002 1118 5074 Philosophia
1148 5018 1279 5058 vero
1334 5020 1401 5057 ne
1446 5005 1605 5058 initio
1636 5004 1851 5076 quidem
1880 5004 1999 5060 adi,

2092 4385 2232 4445 εἶναι
2257 4388 2486 4463 μητέρα.

2610 4495 2954 4553 ΕῐιιΣΤοΑιι
2982 4495 3147 4563 Ριςῖν.

2452 4607 2754 4673 Αῠεεντίῳ
2781 4605 2896 4679 [γρ.
2927 4600 3304 4675 Αῠξὰνοντι].

2102 4725 2208 4788 Εἰς
2240 4723 2397 4791 ὄρος,
2424 4721 2461 4791 ἢ
2508 4724 2596 4788 εἰς
2628 4720 2790 4789 κῦμα
2824 4717 3296 4788 πολυφλοίσϐοιο
3327 4714 3677 4784 θαλάσσης.

2170 4919 2415 4991 Ὅμηρος
2445 4919 2929 4989 ἀποδιοπομπεῖται
2954 4915 3024 4970 τὰ
3050 4915 3114 4968 ὲκ
3143 4910 3473 4984 φιλονεικίας
3508 4911 3673 4967 κακά.

2094 5011 2384 5081 Φιλοσοφία
2423 5011 2478 5065 δὲ
2507 5010 2631 5063 οὐδὲ
2663 5010 2762 5080 τὴν
2804 5008 2978 5079 ἀρχὴν
3010 5007 3192 5069 αὐτοῖς
3218 5005 3403 5057 δίδωσι
3442 5004 3677 5074 πάροδον

424 5106 539 5152 tum
572 5096 684 5154 illis
724 5094 792 5151 ad
827 5096 1071 5152 animum
1102 5096 1327 5166 prtebet.
1366 5095 1569 5151 Verum
1613 5097 1983 5152 imbecilliores

2122 5104 2181 5165 :i;
2205 5102 2403 5175 ψυχήν.
2440 5101 2579 5155 Ἀλλ’
2604 5103 2765 5171 ἡμεῖς
2797 5099 3171 5168 ἀσθενέστεροι
3212 5095 3329 5166 μὲν,
3357 5093 3393 5165 ἢ
3422 5093 3568 5148 ὥστε
3599 5112 3675 5162 cp:-

424 5203 527 5242 nos
566 5202 781 5253 sumus,
812 5202 973 5255 quam
1009 5198 1069 5240 ut
1094 5187 1583 5256 pltilosopltcmur:
1627 5188 1774 5257 quod
1806 5188 1873 5242 ad
1910 5202 1983 5242 me

2122 5198 2367 5265 tococps‘t'v,
2401 5194 2540 5262 τόγε
2562 5194 2692 5263 ἐμὸν
2726 5193 2908 5263 μέρος.
2934 5189 3010 5243 Οὐ
3044 5188 3151 5259 μὴν
3182 5185 3439 5255 ἀξιοῦμεν
3475 5186 3675 5236 παντά-

425 5279 643 5350 quidem
704 5278 922 5334 attinet.
980 5276 1246 5337 Nolumus
1312 5286 1497 5335 tamen
1554 5278 1821 5335 militibus
1872 5294 1983 5335 esse

2122 5300 2240 5338 mat
2295 5286 2621 5356 φαυλότερον
2651 5285 2792 5356 ἔχειν
2840 5280 3139 5356 ἀνθρώπων
3192 5277 3561 5349 στρατιωτῶν,
3596 5277 3675 5343 ἐφ’

1649 5465 1828 5524 DION.
1859 5464 2141 5521 PETAVll
2168 5461 2402 5523 NOTAE.

504 5624 616 5691 (55)
661 5626 765 5685 Ὃς
789 5619 1098 5691 ἀφορίζων.
1124 5621 1271 5677 lianc
1320 5620 1676 5691 Hippocratis
1742 5621 2070 5677 sententiam
2111 5622 2455 5677 commendat
2507 5621 2699 5678 Isidor.
2747 5621 2927 5676 l’elus.
2979 5619 3074 5675 lib.
3131 5634 3181 5683 ι,
3238 5616 3402 5687 epist.
3453 5616 3583 5683 277,
3625 5624 3674 5670 et

434 5690 531 5756 lib.
565 5709 652 5756 Ill,
690 5696 851 5758 epist.
892 5690 1014 5749 192.
