  <div class='ocr_page' id='page_1' title='image "/cluster/home/n/w/nwhite01/storage/ocr_20150623/66/nnc1.0021886636/810.png"; bbox 0 0 3838 6236; ppageno 0'>
   <div class='ocr_carea' id='block_1_1' title="bbox 206 301 347 359">
    <p class='ocr_par' dir='ltr' id='par_1_1' title="bbox 206 301 347 359">
     <span class='ocr_line' id='line_1_1' title="bbox 206 301 347 359; baseline 0.021 -3"><span class='ocrx_word' id='word_1_1' title='bbox 206 301 347 359; x_wconf 73' lang='lat' dir='ltr'><strong>rm</strong></span> 
     </span>
    </p>
   </div>
   <div class='ocr_carea' id='block_1_2' title="bbox 1335 283 2314 363">
    <p class='ocr_par' dir='ltr' id='par_1_2' title="bbox 1335 283 2314 363">
     <span class='ocr_line' id='line_1_2' title="bbox 1335 283 2314 363; baseline 0 -4"><span class='ocrx_word' id='word_1_2' title='bbox 1335 284 1535 359; x_wconf 75' lang='lat' dir='ltr'><strong>EPIST</strong></span> <span class='ocrx_word' id='word_1_3' title='bbox 1539 283 1722 358; x_wconf 60' lang='lat'><strong>01.45.</strong></span> <span class='ocrx_word' id='word_1_4' title='bbox 1760 329 1830 342; x_wconf 90' lang='grc'><strong>-</strong></span> <span class='ocrx_word' id='word_1_5' title='bbox 1870 300 2087 363; x_wconf 80' lang='lat' dir='ltr'><strong>EPIST.</strong></span> <span class='ocrx_word' id='word_1_6' title='bbox 2127 305 2314 363; x_wconf 71' lang='lat' dir='ltr'><strong>cxnx.</strong></span> 
     </span>
    </p>
   </div>
   <div class='ocr_carea' id='block_1_3' title="bbox 3330 304 3468 360">
    <p class='ocr_par' dir='ltr' id='par_1_3' title="bbox 3330 304 3468 360">
     <span class='ocr_line' id='line_1_3' title="bbox 3330 304 3468 360; baseline -0.022 0"><span class='ocrx_word' id='word_1_7' title='bbox 3330 304 3468 360; x_wconf 63' lang='lat'><strong>“&#39;18</strong></span> 
     </span>
    </p>
   </div>
   <div class='ocr_carea' id='block_1_4' title="bbox 206 413 1794 496">
    <p class='ocr_par' dir='ltr' id='par_1_4' title="bbox 206 413 1790 496">
     <span class='ocr_line' id='line_1_4' title="bbox 206 413 1790 496; baseline 0.006 -25"><span class='ocrx_word' id='word_1_8' title='bbox 206 414 288 481; x_wconf 76' lang='grc' dir='ltr'>οἷς</span> <span class='ocrx_word' id='word_1_9' title='bbox 314 419 348 488; x_wconf 71' lang='grc' dir='ltr'><strong>ἡ</strong></span> <span class='ocrx_word' id='word_1_10' title='bbox 380 416 596 488; x_wconf 68' lang='grc' dir='ltr'>ποίησις</span> <span class='ocrx_word' id='word_1_11' title='bbox 635 414 846 490; x_wconf 72' lang='grc' dir='ltr'>γέγονε.</span> <span class='ocrx_word' id='word_1_12' title='bbox 894 420 1065 477; x_wconf 81' lang='grc' dir='ltr'>Πάλιν</span> <span class='ocrx_word' id='word_1_13' title='bbox 1108 413 1203 477; x_wconf 79' lang='grc' dir='ltr'><strong>οῦν</strong></span> <span class='ocrx_word' id='word_1_14' title='bbox 1241 421 1462 496; x_wconf 71' lang='grc' dir='ltr'>Ὁμήρῳ</span> <span class='ocrx_word' id='word_1_15' title='bbox 1504 425 1790 495; x_wconf 76' lang='grc' dir='ltr'>χρηστέον,</span> 
     </span>
    </p>
   </div>
   <div class='ocr_carea' id='block_1_5' title="bbox 1898 413 3468 496">
    <p class='ocr_par' dir='ltr' id='par_1_5' title="bbox 1898 423 3468 493">
     <span class='ocr_line' id='line_1_5' title="bbox 1898 423 3468 493; baseline -0.002 -13"><span class='ocrx_word' id='word_1_16' title='bbox 1898 424 2237 489; x_wconf 81' lang='lat' dir='ltr'><strong>deteriores.</strong></span> <span class='ocrx_word' id='word_1_17' title='bbox 2299 438 2441 493; x_wconf 88' lang='lat' dir='ltr'><strong>quos</strong></span> <span class='ocrx_word' id='word_1_18' title='bbox 2516 423 2769 480; x_wconf 75' lang='lat' dir='ltr'><strong>versibus</strong></span> <span class='ocrx_word' id='word_1_19' title='bbox 2822 423 2942 481; x_wconf 85' lang='lat' dir='ltr'><strong>suis</strong></span> <span class='ocrx_word' id='word_1_20' title='bbox 3014 423 3105 480; x_wconf 89' lang='lat' dir='ltr'><strong>ille</strong></span> <span class='ocrx_word' id='word_1_21' title='bbox 3160 423 3468 493; x_wconf 74' lang='lat' dir='ltr'><strong>descripsit.</strong></span> 
     </span>
    </p>
   </div>
   <div class='ocr_carea' id='block_1_6' title="bbox 202 509 619 581">
    <p class='ocr_par' dir='ltr' id='par_1_6' title="bbox 202 509 619 581">
     <span class='ocr_line' id='line_1_6' title="bbox 202 509 619 581; baseline -0.01 -16"><span class='ocrx_word' id='word_1_22' title='bbox 202 512 265 575; x_wconf 86' lang='grc' dir='ltr'>ὃς</span> <span class='ocrx_word' id='word_1_23' title='bbox 294 509 395 564; x_wconf 71' lang='grc' dir='ltr'><strong>πού</strong></span> <span class='ocrx_word' id='word_1_24' title='bbox 433 527 619 581; x_wconf 72' lang='grc' dir='ltr'>φησιν,</span> 
     </span>
    </p>
   </div>
   <div class='ocr_carea' id='block_1_7' title="bbox 346 712 1407 786">
    <p class='ocr_par' dir='ltr' id='par_1_7' title="bbox 346 712 1407 786">
     <span class='ocr_line' id='line_1_7' title="bbox 346 712 1407 786; baseline 0.005 -5"><span class='ocrx_word' id='word_1_25' title='bbox 346 713 551 781; x_wconf 73' lang='grc' dir='ltr'>Ἀρκει</span> <span class='ocrx_word' id='word_1_26' title='bbox 581 712 664 767; x_wconf 79' lang='grc' dir='ltr'>σὺ</span> <span class='ocrx_word' id='word_1_27' title='bbox 692 713 802 783; x_wconf 80' lang='grc' dir='ltr'><strong>γὰρ</strong></span> <span class='ocrx_word' id='word_1_28' title='bbox 832 713 1078 785; x_wconf 72' lang='grc' dir='ltr'><strong>γενεῆφι</strong></span> <span class='ocrx_word' id='word_1_29' title='bbox 1103 716 1407 786; x_wconf 64' lang='lat' dir='ltr'><strong>mbram.</strong></span> 
     </span>
    </p>
   </div>
   <div class='ocr_carea' id='block_1_8' title="bbox 270 809 1854 899">
    <p class='ocr_par' dir='ltr' id='par_1_8' title="bbox 270 809 1854 899">
     <span class='ocr_line' id='line_1_8' title="bbox 270 809 1854 899; baseline -0.008 -2"><span class='ocrx_word' id='word_1_30' title='bbox 270 822 440 895; x_wconf 73' lang='grc' dir='ltr'><strong>Μάχη</strong></span> <span class='ocrx_word' id='word_1_31' title='bbox 473 825 581 897; x_wconf 67' lang='grc' dir='ltr'>γὰρ</span> <span class='ocrx_word' id='word_1_32' title='bbox 618 825 691 897; x_wconf 70' lang='grc' dir='ltr'><strong>μὴ</strong></span> <span class='ocrx_word' id='word_1_33' title='bbox 722 825 931 895; x_wconf 79' lang='grc' dir='ltr'>γένοιτο</span> <span class='ocrx_word' id='word_1_34' title='bbox 965 828 1101 898; x_wconf 68' lang='grc' dir='ltr'>μέν’</span> <span class='ocrx_word' id='word_1_35' title='bbox 1136 831 1184 882; x_wconf 84' lang='grc' dir='ltr'><strong>εί</strong></span> <span class='ocrx_word' id='word_1_36' title='bbox 1231 829 1287 883; x_wconf 83' lang='grc' dir='ltr'>δὲ</span> <span class='ocrx_word' id='word_1_37' title='bbox 1328 830 1562 899; x_wconf 79' lang='grc' dir='ltr'>γένοιτο,</span> <span class='ocrx_word' id='word_1_38' title='bbox 1590 834 1619 887; x_wconf 83' lang='grc' dir='ltr'><strong>ὁ</strong></span> <span class='ocrx_word' id='word_1_39' title='bbox 1659 832 1790 886; x_wconf 78' lang='grc' dir='ltr'><strong>νεώ⁴</strong></span> <span class='ocrx_word' id='word_1_40' title='bbox 1850 809 1854 814; x_wconf 35' lang='grc'><strong>”</strong></span> 
     </span>
    </p>
   </div>
   <div class='ocr_carea' id='block_1_9' title="bbox 206 916 1790 995">
    <p class='ocr_par' dir='ltr' id='par_1_9' title="bbox 206 916 1790 995">
     <span class='ocr_line' id='line_1_9' title="bbox 206 916 1790 995; baseline 0.007 -26"><span class='ocrx_word' id='word_1_41' title='bbox 206 933 361 987; x_wconf 84' lang='grc' dir='ltr'>τερος</span> <span class='ocrx_word' id='word_1_42' title='bbox 406 916 573 987; x_wconf 83' lang='grc' dir='ltr'>αὐτῆς</span> <span class='ocrx_word' id='word_1_43' title='bbox 619 918 853 988; x_wconf 83' lang='grc' dir='ltr'>ἀρχέτω.</span> <span class='ocrx_word' id='word_1_44' title='bbox 908 918 1158 974; x_wconf 65' lang='grc' dir='ltr'>τοιοῦτον</span> <span class='ocrx_word' id='word_1_45' title='bbox 1208 922 1315 993; x_wconf 86' lang='grc' dir='ltr'>γάρ</span> <span class='ocrx_word' id='word_1_46' title='bbox 1365 939 1416 976; x_wconf 89' lang='grc' dir='ltr'>τι</span> <span class='ocrx_word' id='word_1_47' title='bbox 1470 926 1669 979; x_wconf 85' lang='grc' dir='ltr'><strong>νοεῖται</strong></span> <span class='ocrx_word' id='word_1_48' title='bbox 1712 922 1790 995; x_wconf 81' lang='grc' dir='ltr'>τῷ</span> 
     </span>
    </p>
   </div>
   <div class='ocr_carea' id='block_1_10' title="bbox 206 1006 1790 1088">
    <p class='ocr_par' dir='ltr' id='par_1_10' title="bbox 206 1006 1790 1088">
     <span class='ocr_line' id='line_1_10' title="bbox 206 1006 1790 1088; baseline 0.006 -29"><span class='ocrx_word' id='word_1_49' title='bbox 206 1006 517 1070; x_wconf 76' lang='grc' dir='ltr'>Ποσειδῶνι.</span> <span class='ocrx_word' id='word_1_50' title='bbox 563 1007 625 1062; x_wconf 75' lang='grc' dir='ltr'>τὸ</span> <span class='ocrx_word' id='word_1_51' title='bbox 670 1015 1019 1082; x_wconf 80' lang='grc' dir='ltr'><strong>παραχωρεῖν</strong></span> <span class='ocrx_word' id='word_1_52' title='bbox 1060 1012 1154 1065; x_wconf 89' lang='grc' dir='ltr'><strong>τοῦ</strong></span> <span class='ocrx_word' id='word_1_53' title='bbox 1200 1015 1675 1088; x_wconf 77' lang='grc' dir='ltr'>προκατάρξασθαι</span> <span class='ocrx_word' id='word_1_54' title='bbox 1712 1017 1790 1087; x_wconf 84' lang='grc' dir='ltr'>τῷ</span> 
     </span>
    </p>
   </div>
   <div class='ocr_carea' id='block_1_11' title="bbox 208 1098 1790 1177">
    <p class='ocr_par' dir='ltr' id='par_1_11' title="bbox 208 1098 1790 1177">
     <span class='ocr_line' id='line_1_11' title="bbox 208 1098 1790 1177; baseline 0.007 -26"><span class='ocrx_word' id='word_1_55' title='bbox 208 1098 456 1169; x_wconf 80' lang='grc' dir='ltr'><strong>νεωτέρῳ</strong></span> <span class='ocrx_word' id='word_1_56' title='bbox 485 1099 610 1169; x_wconf 83' lang='grc' dir='ltr'>θεῷ.</span> <span class='ocrx_word' id='word_1_57' title='bbox 652 1101 757 1155; x_wconf 78' lang='grc' dir='ltr'><strong>Τὸν</strong></span> <span class='ocrx_word' id='word_1_58' title='bbox 788 1101 845 1154; x_wconf 83' lang='grc' dir='ltr'>δὲ</span> <span class='ocrx_word' id='word_1_59' title='bbox 875 1103 1263 1175; x_wconf 87' lang='grc' dir='ltr'>πρεσϐύτερον,</span> <span class='ocrx_word' id='word_1_60' title='bbox 1296 1107 1539 1177; x_wconf 80' lang='grc' dir='ltr'>ἡγεμόνα</span> <span class='ocrx_word' id='word_1_61' title='bbox 1566 1108 1647 1161; x_wconf 90' lang='grc' dir='ltr'><strong>δεῖ</strong></span> <span class='ocrx_word' id='word_1_62' title='bbox 1682 1108 1790 1163; x_wconf 81' lang='grc' dir='ltr'><strong>τῶν</strong></span> 
     </span>
    </p>
   </div>
   <div class='ocr_carea' id='block_1_12' title="bbox 207 1185 1791 1266">
    <p class='ocr_par' dir='ltr' id='par_1_12' title="bbox 207 1185 1791 1266">
     <span class='ocr_line' id='line_1_12' title="bbox 207 1185 1791 1266; baseline 0.009 -29"><span class='ocrx_word' id='word_1_63' title='bbox 207 1185 504 1239; x_wconf 83' lang='grc' dir='ltr'><strong>καλλίστων</strong></span> <span class='ocrx_word' id='word_1_64' title='bbox 533 1185 698 1243; x_wconf 71' lang='grc' dir='ltr'>εἶναι·</span> <span class='ocrx_word' id='word_1_65' title='bbox 725 1189 1009 1245; x_wconf 74' lang='grc' dir='ltr'><strong>κάλλιπον</strong></span> <span class='ocrx_word' id='word_1_66' title='bbox 1055 1192 1110 1245; x_wconf 86' lang='grc' dir='ltr'>δὲ</span> <span class='ocrx_word' id='word_1_67' title='bbox 1152 1195 1394 1265; x_wconf 84' lang='grc' dir='ltr'>ὁμόνοια.</span> <span class='ocrx_word' id='word_1_68' title='bbox 1445 1196 1582 1266; x_wconf 86' lang='grc' dir='ltr'>Ἐγὼ</span> <span class='ocrx_word' id='word_1_69' title='bbox 1626 1198 1682 1252; x_wconf 87' lang='grc' dir='ltr'>δὲ</span> <span class='ocrx_word' id='word_1_70' title='bbox 1714 1198 1791 1263; x_wconf 83' lang='grc' dir='ltr'>ὡς</span> 
     </span>
    </p>
   </div>
   <div class='ocr_carea' id='block_1_13' title="bbox 206 1279 1788 1361">
    <p class='ocr_par' dir='ltr' id='par_1_13' title="bbox 206 1279 1788 1361">
     <span class='ocr_line' id='line_1_13' title="bbox 206 1279 1788 1361; baseline 0.008 -30"><span class='ocrx_word' id='word_1_71' title='bbox 206 1279 267 1331; x_wconf 81' lang='grc' dir='ltr'><strong>οῦ</strong></span> <span class='ocrx_word' id='word_1_72' title='bbox 301 1296 394 1332; x_wconf 88' lang='grc' dir='ltr'><strong>σου</strong></span> <span class='ocrx_word' id='word_1_73' title='bbox 425 1281 793 1354; x_wconf 84' lang='grc' dir='ltr'>πρεσϐύτερος</span> <span class='ocrx_word' id='word_1_74' title='bbox 828 1285 1009 1355; x_wconf 88' lang='grc' dir='ltr'>μόνον,</span> <span class='ocrx_word' id='word_1_75' title='bbox 1037 1286 1172 1339; x_wconf 79' lang='grc' dir='ltr'>ἀλλὰ</span> <span class='ocrx_word' id='word_1_76' title='bbox 1204 1288 1299 1340; x_wconf 76' lang='grc' dir='ltr'><strong>καὶ</strong></span> <span class='ocrx_word' id='word_1_77' title='bbox 1326 1288 1424 1359; x_wconf 69' lang='grc' dir='ltr'>ἠδη</span> <span class='ocrx_word' id='word_1_78' title='bbox 1456 1290 1788 1361; x_wconf 86' lang='grc' dir='ltr'>πρεσϐύτης,</span> 
     </span>
    </p>
   </div>
   <div class='ocr_carea' id='block_1_14' title="bbox 207 1369 1794 1451">
    <p class='ocr_par' dir='ltr' id='par_1_14' title="bbox 207 1369 1794 1451">
     <span class='ocr_line' id='line_1_14' title="bbox 207 1369 1794 1451; baseline 0.01 -30"><span class='ocrx_word' id='word_1_79' title='bbox 207 1369 324 1440; x_wconf 86' lang='grc' dir='ltr'><strong>χρῷ</strong></span> <span class='ocrx_word' id='word_1_80' title='bbox 346 1370 524 1440; x_wconf 83' lang='grc' dir='ltr'>δῆλον,</span> <span class='ocrx_word' id='word_1_81' title='bbox 551 1375 579 1425; x_wconf 83' lang='grc' dir='ltr'><strong><em>ὁ</em></strong></span> <span class='ocrx_word' id='word_1_82' title='bbox 607 1374 913 1446; x_wconf 82' lang='grc' dir='ltr'>Φερεκύδης</span> <span class='ocrx_word' id='word_1_83' title='bbox 954 1377 1137 1449; x_wconf 84' lang='grc' dir='ltr'>φησίν.</span> <span class='ocrx_word' id='word_1_84' title='bbox 1181 1379 1387 1432; x_wconf 87' lang='grc' dir='ltr'>Οὐκοῦν</span> <span class='ocrx_word' id='word_1_85' title='bbox 1428 1381 1495 1434; x_wconf 77' lang='grc' dir='ltr'>τὰ</span> <span class='ocrx_word' id='word_1_86' title='bbox 1532 1382 1634 1451; x_wconf 84' lang='grc' dir='ltr'><strong>τῆς</strong></span> <span class='ocrx_word' id='word_1_87' title='bbox 1658 1385 1794 1437; x_wconf 84' lang='grc' dir='ltr'>ἁπο-</span> 
     </span>
    </p>
   </div>
   <div class='ocr_carea' id='block_1_15' title="bbox 208 1461 1794 1545">
    <p class='ocr_par' dir='ltr' id='par_1_15' title="bbox 208 1461 1794 1545">
     <span class='ocr_line' id='line_1_15' title="bbox 208 1461 1794 1545; baseline 0.009 -32"><span class='ocrx_word' id='word_1_88' title='bbox 208 1461 394 1530; x_wconf 77' lang='grc' dir='ltr'>λογίας</span> <span class='ocrx_word' id='word_1_89' title='bbox 424 1466 504 1527; x_wconf 85' lang='grc' dir='ltr'><strong>είς</strong></span> <span class='ocrx_word' id='word_1_90' title='bbox 535 1465 635 1535; x_wconf 78' lang='grc' dir='ltr'>ἐμὲ</span> <span class='ocrx_word' id='word_1_91' title='bbox 667 1468 1032 1538; x_wconf 78' lang='grc' dir='ltr'>περιΐσταται.</span> <span class='ocrx_word' id='word_1_92' title='bbox 1069 1470 1131 1523; x_wconf 79' lang='lat' dir='ltr'><strong>Ei</strong></span> <span class='ocrx_word' id='word_1_93' title='bbox 1164 1470 1219 1523; x_wconf 88' lang='grc' dir='ltr'>δὲ</span> <span class='ocrx_word' id='word_1_94' title='bbox 1256 1472 1349 1525; x_wconf 79' lang='grc' dir='ltr'><strong>καὶ</strong></span> <span class='ocrx_word' id='word_1_95' title='bbox 1397 1473 1487 1525; x_wconf 84' lang='grc' dir='ltr'>τὸν</span> <span class='ocrx_word' id='word_1_96' title='bbox 1529 1474 1794 1545; x_wconf 78' lang='grc' dir='ltr'>πρότερον</span> 
     </span>
    </p>
   </div>
   <div class='ocr_carea' id='block_1_16' title="bbox 203 1555 1794 1637">
    <p class='ocr_par' dir='ltr' id='par_1_16' title="bbox 203 1555 1794 1637">
     <span class='ocr_line' id='line_1_16' title="bbox 203 1555 1794 1637; baseline 0.009 -30"><span class='ocrx_word' id='word_1_97' title='bbox 203 1555 585 1626; x_wconf 79' lang='grc' dir='ltr'>ἁμαρτάνοντα</span> <span class='ocrx_word' id='word_1_98' title='bbox 612 1558 693 1612; x_wconf 84' lang='grc' dir='ltr'><strong>δεῖ</strong></span> <span class='ocrx_word' id='word_1_99' title='bbox 718 1561 983 1632; x_wconf 82' lang='grc' dir='ltr'>πρότερον</span> <span class='ocrx_word' id='word_1_100' title='bbox 1023 1563 1287 1630; x_wconf 78' lang='grc' dir='ltr'>ἐνδοῦναι,</span> <span class='ocrx_word' id='word_1_101' title='bbox 1314 1566 1383 1619; x_wconf 74' lang='grc' dir='ltr'><strong>σὺ</strong></span> <span class='ocrx_word' id='word_1_102' title='bbox 1410 1566 1458 1619; x_wconf 84' lang='grc' dir='ltr'>δ’</span> <span class='ocrx_word' id='word_1_103' title='bbox 1492 1568 1591 1637; x_wconf 79' lang='grc' dir='ltr'><strong>ἐμὲ</strong></span> <span class='ocrx_word' id='word_1_104' title='bbox 1618 1567 1794 1637; x_wconf 82' lang='grc' dir='ltr'>βούλει</span> 
     </span>
    </p>
   </div>
   <div class='ocr_carea' id='block_1_17' title="bbox 202 1643 1794 1732">
    <p class='ocr_par' dir='ltr' id='par_1_17' title="bbox 202 1643 1794 1732">
     <span class='ocr_line' id='line_1_17' title="bbox 202 1643 1794 1732; baseline 0.011 -35"><span class='ocrx_word' id='word_1_105' title='bbox 202 1644 391 1700; x_wconf 81' lang='grc' dir='ltr'>τοῦτον</span> <span class='ocrx_word' id='word_1_106' title='bbox 420 1643 579 1711; x_wconf 71' lang='grc' dir='ltr'>εἶναι,</span> <span class='ocrx_word' id='word_1_107' title='bbox 603 1652 867 1723; x_wconf 81' lang='grc' dir='ltr'>συγχωρῶ</span> <span class='ocrx_word' id='word_1_108' title='bbox 890 1653 989 1725; x_wconf 80' lang='grc' dir='ltr'>σὴν</span> <span class='ocrx_word' id='word_1_109' title='bbox 1022 1656 1182 1726; x_wconf 78' lang='grc' dir='ltr'>χάριν</span> <span class='ocrx_word' id='word_1_110' title='bbox 1210 1655 1303 1709; x_wconf 73' lang='grc' dir='ltr'>καὶ</span> <span class='ocrx_word' id='word_1_111' title='bbox 1341 1657 1518 1712; x_wconf 92' lang='grc' dir='ltr'>τοῦτο.</span> <span class='ocrx_word' id='word_1_112' title='bbox 1548 1660 1641 1711; x_wconf 88' lang='grc' dir='ltr'><strong>Δεῖ</strong></span> <span class='ocrx_word' id='word_1_113' title='bbox 1685 1658 1794 1732; x_wconf 85' lang='lat'><strong>7&amp;9</strong></span> 
     </span>
    </p>
   </div>
   <div class='ocr_carea' id='block_1_18' title="bbox 202 1738 1791 1897">
    <p class='ocr_par' dir='ltr' id='par_1_18' title="bbox 202 1738 1791 1897">
     <span class='ocr_line' id='line_1_18' title="bbox 202 1738 1791 1822; baseline 0.011 -33"><span class='ocrx_word' id='word_1_114' title='bbox 202 1738 619 1810; x_wconf 78' lang='grc' dir='ltr'>ἀντιποιηθέντα</span> <span class='ocrx_word' id='word_1_115' title='bbox 666 1760 760 1798; x_wconf 86' lang='grc' dir='ltr'><strong>σου</strong></span> <span class='ocrx_word' id='word_1_116' title='bbox 818 1746 1103 1820; x_wconf 84' lang='grc' dir='ltr'>πρότερον,</span> <span class='ocrx_word' id='word_1_117' title='bbox 1144 1748 1306 1813; x_wconf 82' lang='grc' dir='ltr'>εὐθὺς</span> <span class='ocrx_word' id='word_1_118' title='bbox 1354 1748 1668 1822; x_wconf 76' lang='grc' dir='ltr'>ἐθελήσαντι</span> <span class='ocrx_word' id='word_1_119' title='bbox 1709 1770 1791 1807; x_wconf 85' lang='grc' dir='ltr'><strong>σοι</strong></span> 
     </span>
     <span class='ocr_line' id='line_1_19' title="bbox 202 1828 532 1897; baseline 0.021 -19"><span class='ocrx_word' id='word_1_120' title='bbox 202 1828 532 1897; x_wconf 77' lang='grc' dir='ltr'>χαρίσασθαι</span> 
     </span>
    </p>
   </div>
   <div class='ocr_carea' id='block_1_19' title="bbox 202 1830 532 1896">
    <p class='ocr_par' dir='ltr' id='par_1_19' title="bbox 202 1830 532 1896">
     <span class='ocr_line' id='line_1_20' title="bbox 202 1830 532 1896; baseline 0.018 -17"><span class='ocrx_word' id='word_1_121' title='bbox 202 1830 532 1896; x_wconf 74' lang='grc' dir='ltr'>χαρίσασθαι</span> 
     </span>
    </p>
   </div>
   <div class='ocr_carea' id='block_1_20' title="bbox 1894 512 3472 587">
    <p class='ocr_par' dir='ltr' id='par_1_20' title="bbox 1894 512 3472 587">
     <span class='ocr_line' id='line_1_21' title="bbox 1894 512 3472 587; baseline -0.004 -16"><span class='ocrx_word' id='word_1_122' title='bbox 1894 515 2036 587; x_wconf 83' lang='lat' dir='ltr'><strong>Ergo</strong></span> <span class='ocrx_word' id='word_1_123' title='bbox 2063 517 2261 573; x_wconf 85' lang='lat' dir='ltr'><strong>iterum</strong></span> <span class='ocrx_word' id='word_1_124' title='bbox 2294 513 2561 571; x_wconf 83' lang='lat' dir='ltr'><strong>Homerus</strong></span> <span class='ocrx_word' id='word_1_125' title='bbox 2599 514 2945 571; x_wconf 80' lang='lat' dir='ltr'><strong>adhibendus</strong></span> <span class='ocrx_word' id='word_1_126' title='bbox 2967 516 3096 581; x_wconf 89' lang='lat' dir='ltr'><strong>erit,</strong></span> <span class='ocrx_word' id='word_1_127' title='bbox 3148 514 3244 585; x_wconf 83' lang='lat' dir='ltr'><strong>qui</strong></span> <span class='ocrx_word' id='word_1_128' title='bbox 3272 512 3472 567; x_wconf 82' lang='lat' dir='ltr'><strong>alicubi</strong></span> 
     </span>
    </p>
   </div>
   <div class='ocr_carea' id='block_1_21' title="bbox 1896 607 2052 673">
    <p class='ocr_par' dir='ltr' id='par_1_21' title="bbox 1896 607 2052 673">
     <span class='ocr_line' id='line_1_22' title="bbox 1896 607 2052 673; baseline -0.019 -8"><span class='ocrx_word' id='word_1_129' title='bbox 1896 607 2052 673; x_wconf 81' lang='lat' dir='ltr'><strong>dixit,</strong></span> 
     </span>
    </p>
   </div>
   <div class='ocr_carea' id='block_1_22' title="bbox 2036 718 2907 790">
    <p class='ocr_par' dir='ltr' id='par_1_22' title="bbox 2036 718 2907 790">
     <span class='ocr_line' id='line_1_23' title="bbox 2036 718 2907 790; baseline -0.001 -16"><span class='ocrx_word' id='word_1_130' title='bbox 2036 720 2238 790; x_wconf 79' lang='lat' dir='ltr'><strong>Incipe,</strong></span> <span class='ocrx_word' id='word_1_131' title='bbox 2290 736 2413 774; x_wconf 78' lang='lat' dir='ltr'><strong>nam</strong></span> <span class='ocrx_word' id='word_1_132' title='bbox 2450 728 2582 774; x_wconf 68' lang='lat' dir='ltr'><strong>nati</strong></span> <span class='ocrx_word' id='word_1_133' title='bbox 2628 718 2800 773; x_wconf 82' lang='lat' dir='ltr'><strong>minor</strong></span> <span class='ocrx_word' id='word_1_134' title='bbox 2830 733 2907 773; x_wconf 81' lang='lat' dir='ltr'><strong>es.</strong></span> 
     </span>
    </p>
   </div>
   <div class='ocr_carea' id='block_1_23' title="bbox 1961 829 3469 905">
    <p class='ocr_par' dir='ltr' id='par_1_23' title="bbox 1961 829 3469 905">
     <span class='ocr_line' id='line_1_24' title="bbox 1961 829 3469 905; baseline -0.003 -18"><span class='ocrx_word' id='word_1_135' title='bbox 1961 832 2148 905; x_wconf 84' lang='lat' dir='ltr'><strong>Pugna</strong></span> <span class='ocrx_word' id='word_1_136' title='bbox 2196 833 2341 889; x_wconf 89' lang='lat' dir='ltr'><strong>enim</strong></span> <span class='ocrx_word' id='word_1_137' title='bbox 2394 842 2559 902; x_wconf 85' lang='lat' dir='ltr'><strong>atque</strong></span> <span class='ocrx_word' id='word_1_138' title='bbox 2584 831 2865 887; x_wconf 76' lang='lat' dir='ltr'><strong>contentio</strong></span> <span class='ocrx_word' id='word_1_139' title='bbox 2908 830 3052 886; x_wconf 74' lang='lat' dir='ltr'><strong>absrt</strong></span> <span class='ocrx_word' id='word_1_140' title='bbox 3088 829 3310 900; x_wconf 84' lang='lat' dir='ltr'><strong>quidem</strong></span> <span class='ocrx_word' id='word_1_141' title='bbox 3347 844 3469 883; x_wconf 83' lang='lat' dir='ltr'><strong>om-</strong></span> 
     </span>
    </p>
   </div>
   <div class='ocr_carea' id='block_1_24' title="bbox 1891 920 3470 994">
    <p class='ocr_par' dir='ltr' id='par_1_24' title="bbox 1891 920 3470 994">
     <span class='ocr_line' id='line_1_25' title="bbox 1891 920 3470 994; baseline -0.006 -13"><span class='ocrx_word' id='word_1_142' title='bbox 1891 926 2053 993; x_wconf 84' lang='lat' dir='ltr'><strong>nino;</strong></span> <span class='ocrx_word' id='word_1_143' title='bbox 2090 926 2176 980; x_wconf 90' lang='lat' dir='ltr'><strong>sin</strong></span> <span class='ocrx_word' id='word_1_144' title='bbox 2216 924 2397 994; x_wconf 90' lang='lat' dir='ltr'><strong>aliqua</strong></span> <span class='ocrx_word' id='word_1_145' title='bbox 2428 924 2809 989; x_wconf 87' lang='lat' dir='ltr'><strong>intervenerit,</strong></span> <span class='ocrx_word' id='word_1_146' title='bbox 2840 938 2960 978; x_wconf 89' lang='lat' dir='ltr'><strong>eam</strong></span> <span class='ocrx_word' id='word_1_147' title='bbox 2996 922 3189 992; x_wconf 87' lang='lat' dir='ltr'><strong>junior</strong></span> <span class='ocrx_word' id='word_1_148' title='bbox 3224 920 3470 990; x_wconf 86' lang='lat' dir='ltr'><strong>incipiat.</strong></span> 
     </span>
    </p>
   </div>
   <div class='ocr_carea' id='block_1_25' title="bbox 1890 1011 3469 1088">
    <p class='ocr_par' dir='ltr' id='par_1_25' title="bbox 1890 1011 3469 1088">
     <span class='ocr_line' id='line_1_26' title="bbox 1890 1011 3469 1088; baseline -0.004 -17"><span class='ocrx_word' id='word_1_149' title='bbox 1890 1020 2027 1072; x_wconf 88' lang='lat' dir='ltr'><strong>Nam</strong></span> <span class='ocrx_word' id='word_1_150' title='bbox 2060 1017 2329 1088; x_wconf 79' lang='lat' dir='ltr'><strong>ejusmodi</strong></span> <span class='ocrx_word' id='word_1_151' title='bbox 2356 1015 2633 1087; x_wconf 86' lang='lat' dir='ltr'><strong>quidpiam</strong></span> <span class='ocrx_word' id='word_1_152' title='bbox 2664 1015 2923 1086; x_wconf 81' lang='lat' dir='ltr'><strong>Neptuno</strong></span> <span class='ocrx_word' id='word_1_153' title='bbox 2945 1015 2999 1068; x_wconf 89' lang='lat' dir='ltr'><strong>in</strong></span> <span class='ocrx_word' id='word_1_154' title='bbox 3025 1015 3267 1068; x_wconf 89' lang='lat' dir='ltr'><strong>animum</strong></span> <span class='ocrx_word' id='word_1_155' title='bbox 3296 1011 3469 1074; x_wconf 86' lang='lat' dir='ltr'><strong>venit.</strong></span> 
     </span>
    </p>
   </div>
   <div class='ocr_carea' id='block_1_26' title="bbox 1886 1092 3471 1180">
    <p class='ocr_par' dir='ltr' id='par_1_26' title="bbox 1886 1092 3471 1180">
     <span class='ocr_line' id='line_1_27' title="bbox 1886 1092 3471 1180; baseline -0.004 -16"><span class='ocrx_word' id='word_1_156' title='bbox 1886 1119 1951 1164; x_wconf 83' lang='lat' dir='ltr'><strong>ut</strong></span> <span class='ocrx_word' id='word_1_157' title='bbox 1983 1109 2302 1180; x_wconf 79' lang='lat' dir='ltr'><strong>auspicandi</strong></span> <span class='ocrx_word' id='word_1_158' title='bbox 2348 1109 2522 1180; x_wconf 68' lang='lat' dir='ltr'><strong>prazlii</strong></span> <span class='ocrx_word' id='word_1_159' title='bbox 2572 1107 2781 1178; x_wconf 86' lang='lat' dir='ltr'><strong>juniori</strong></span> <span class='ocrx_word' id='word_1_160' title='bbox 2830 1106 2931 1162; x_wconf 91' lang='lat' dir='ltr'><strong>deo</strong></span> <span class='ocrx_word' id='word_1_161' title='bbox 2965 1113 3291 1175; x_wconf 78' lang='lat' dir='ltr'><strong>potestatem</strong></span> <span class='ocrx_word' id='word_1_162' title='bbox 3335 1092 3471 1158; x_wconf 80' lang='lat' dir='ltr'><strong>face-</strong></span> 
     </span>
    </p>
   </div>
   <div class='ocr_carea' id='block_1_27' title="bbox 1892 1196 3467 1271">
    <p class='ocr_par' dir='ltr' id='par_1_27' title="bbox 1892 1196 3467 1271">
     <span class='ocr_line' id='line_1_28' title="bbox 1892 1196 3467 1271; baseline -0.008 -13"><span class='ocrx_word' id='word_1_163' title='bbox 1892 1213 1995 1258; x_wconf 87' lang='lat' dir='ltr'><strong>ret.</strong></span> <span class='ocrx_word' id='word_1_164' title='bbox 2028 1202 2386 1257; x_wconf 86' lang='lat' dir='ltr'><strong>Graudiorem</strong></span> <span class='ocrx_word' id='word_1_165' title='bbox 2415 1216 2545 1257; x_wconf 76' lang='lat' dir='ltr'><strong>vero</strong></span> <span class='ocrx_word' id='word_1_166' title='bbox 2575 1209 2731 1264; x_wconf 87' lang='lat' dir='ltr'><strong>natu,</strong></span> <span class='ocrx_word' id='word_1_167' title='bbox 2763 1198 2955 1271; x_wconf 65' lang='lat' dir='ltr'><strong>praeire</strong></span> <span class='ocrx_word' id='word_1_168' title='bbox 2985 1198 3051 1252; x_wconf 89' lang='lat' dir='ltr'><strong>ad</strong></span> <span class='ocrx_word' id='word_1_169' title='bbox 3084 1196 3467 1255; x_wconf 84' lang='lat' dir='ltr'><strong>honestissima</strong></span> 
     </span>
    </p>
   </div>
   <div class='ocr_carea' id='block_1_28' title="bbox 1897 1288 3472 1365">
    <p class='ocr_par' dir='ltr' id='par_1_28' title="bbox 1897 1288 3472 1365">
     <span class='ocr_line' id='line_1_29' title="bbox 1897 1288 3472 1365; baseline -0.006 -18"><span class='ocrx_word' id='word_1_170' title='bbox 1897 1309 2116 1365; x_wconf 88' lang='lat' dir='ltr'><strong>quoque</strong></span> <span class='ocrx_word' id='word_1_171' title='bbox 2166 1300 2598 1349; x_wconf 84' lang='lat' dir='ltr'><strong>consentaneum</strong></span> <span class='ocrx_word' id='word_1_172' title='bbox 2656 1300 2742 1348; x_wconf 90' lang='lat' dir='ltr'><strong>est</strong></span> <span class='ocrx_word' id='word_1_173' title='bbox 2788 1308 2801 1344; x_wconf 91' lang='lat'><strong>:</strong></span> <span class='ocrx_word' id='word_1_174' title='bbox 2856 1288 3245 1344; x_wconf 87' lang='lat' dir='ltr'><strong>honestissima</strong></span> <span class='ocrx_word' id='word_1_175' title='bbox 3306 1302 3472 1356; x_wconf 84' lang='lat' dir='ltr'><strong>porro</strong></span> 
     </span>
    </p>
   </div>
   <div class='ocr_carea' id='block_1_29' title="bbox 1892 1378 3473 1453">
    <p class='ocr_par' dir='ltr' id='par_1_29' title="bbox 1892 1378 3473 1453">
     <span class='ocr_line' id='line_1_30' title="bbox 1892 1378 3473 1453; baseline -0.004 -16"><span class='ocrx_word' id='word_1_176' title='bbox 1892 1385 2190 1438; x_wconf 83' lang='lat' dir='ltr'><strong>concordia</strong></span> <span class='ocrx_word' id='word_1_177' title='bbox 2246 1391 2352 1439; x_wconf 89' lang='lat' dir='ltr'><strong>est.</strong></span> <span class='ocrx_word' id='word_1_178' title='bbox 2408 1382 2523 1453; x_wconf 86' lang='lat' dir='ltr'><strong>Ego</strong></span> <span class='ocrx_word' id='word_1_179' title='bbox 2580 1392 2763 1437; x_wconf 90' lang='lat' dir='ltr'><strong>autem</strong></span> <span class='ocrx_word' id='word_1_180' title='bbox 2812 1395 2979 1450; x_wconf 89' lang='lat' dir='ltr'><strong>quam</strong></span> <span class='ocrx_word' id='word_1_181' title='bbox 3036 1388 3089 1434; x_wconf 92' lang='lat' dir='ltr'><strong>te</strong></span> <span class='ocrx_word' id='word_1_182' title='bbox 3144 1394 3253 1433; x_wconf 91' lang='lat' dir='ltr'><strong>non</strong></span> <span class='ocrx_word' id='word_1_183' title='bbox 3309 1378 3473 1432; x_wconf 85' lang='lat' dir='ltr'><strong>modo</strong></span> 
     </span>
    </p>
   </div>
   <div class='ocr_carea' id='block_1_30' title="bbox 1893 1469 3471 1540">
    <p class='ocr_par' dir='ltr' id='par_1_30' title="bbox 1893 1469 3471 1540">
     <span class='ocr_line' id='line_1_31' title="bbox 1893 1469 3471 1540; baseline -0.003 -10"><span class='ocrx_word' id='word_1_184' title='bbox 1893 1475 2079 1530; x_wconf 68' lang='lat' dir='ltr'><strong>senior</strong></span> <span class='ocrx_word' id='word_1_185' title='bbox 2121 1474 2245 1540; x_wconf 89' lang='lat' dir='ltr'><strong>sim,</strong></span> <span class='ocrx_word' id='word_1_186' title='bbox 2298 1490 2488 1529; x_wconf 84' lang='lat' dir='ltr'><strong>verum</strong></span> <span class='ocrx_word' id='word_1_187' title='bbox 2521 1474 2685 1529; x_wconf 88' lang='lat' dir='ltr'><strong>etiam</strong></span> <span class='ocrx_word' id='word_1_188' title='bbox 2725 1488 2890 1529; x_wconf 78' lang='lat' dir='ltr'><strong>senex</strong></span> <span class='ocrx_word' id='word_1_189' title='bbox 2916 1511 2932 1535; x_wconf 91' lang='lat'><strong>,</strong></span> <span class='ocrx_word' id='word_1_190' title='bbox 2977 1471 3047 1527; x_wconf 89' lang='lat' dir='ltr'><strong>de</strong></span> <span class='ocrx_word' id='word_1_191' title='bbox 3073 1479 3199 1526; x_wconf 83' lang='lat' dir='ltr'><strong>cute</strong></span> <span class='ocrx_word' id='word_1_192' title='bbox 3238 1469 3471 1525; x_wconf 74' lang='lat' dir='ltr'><strong>manife—</strong></span> 
     </span>
    </p>
   </div>
   <div class='ocr_carea' id='block_1_31' title="bbox 1894 1565 3473 1637">
    <p class='ocr_par' dir='ltr' id='par_1_31' title="bbox 1894 1565 3473 1637">
     <span class='ocr_line' id='line_1_32' title="bbox 1894 1565 3473 1637; baseline -0.005 -15"><span class='ocrx_word' id='word_1_193' title='bbox 1894 1575 2037 1622; x_wconf 82' lang='lat' dir='ltr'><strong>stum</strong></span> <span class='ocrx_word' id='word_1_194' title='bbox 2066 1575 2174 1633; x_wconf 82' lang='lat' dir='ltr'><strong>est,</strong></span> <span class='ocrx_word' id='word_1_195' title='bbox 2205 1568 2383 1622; x_wconf 83' lang='lat' dir='ltr'><strong>aiebat</strong></span> <span class='ocrx_word' id='word_1_196' title='bbox 2425 1565 2787 1637; x_wconf 81' lang='lat' dir='ltr'><strong>Pherecydes.</strong></span> <span class='ocrx_word' id='word_1_197' title='bbox 2827 1566 3011 1631; x_wconf 82' lang='lat' dir='ltr'><strong>Quare</strong></span> <span class='ocrx_word' id='word_1_198' title='bbox 3038 1578 3171 1619; x_wconf 65' lang='lat' dir='ltr'><strong>meae</strong></span> <span class='ocrx_word' id='word_1_199' title='bbox 3207 1568 3336 1618; x_wconf 85' lang='lat' dir='ltr'><strong>sunt</strong></span> <span class='ocrx_word' id='word_1_200' title='bbox 3373 1577 3473 1616; x_wconf 79' lang='lat' dir='ltr'><strong>ex-</strong></span> 
     </span>
    </p>
   </div>
   <div class='ocr_carea' id='block_1_32' title="bbox 1893 1652 3473 1729">
    <p class='ocr_par' dir='ltr' id='par_1_32' title="bbox 1893 1652 3473 1729">
     <span class='ocr_line' id='line_1_33' title="bbox 1893 1652 3473 1729; baseline -0.003 -17"><span class='ocrx_word' id='word_1_201' title='bbox 1893 1658 2122 1712; x_wconf 76' lang='lat' dir='ltr'><strong>cusandi</strong></span> <span class='ocrx_word' id='word_1_202' title='bbox 2160 1660 2386 1729; x_wconf 86' lang='lat' dir='ltr'><strong>parites.</strong></span> <span class='ocrx_word' id='word_1_203' title='bbox 2426 1657 2585 1725; x_wconf 83' lang='lat' dir='ltr'><strong>Quod</strong></span> <span class='ocrx_word' id='word_1_204' title='bbox 2617 1658 2663 1712; x_wconf 84' lang='lat' dir='ltr'><strong>si</strong></span> <span class='ocrx_word' id='word_1_205' title='bbox 2692 1657 2917 1727; x_wconf 82' lang='lat' dir='ltr'><strong>insuper</strong></span> <span class='ocrx_word' id='word_1_206' title='bbox 2944 1670 3093 1717; x_wconf 90' lang='lat' dir='ltr'><strong>eum,</strong></span> <span class='ocrx_word' id='word_1_207' title='bbox 3124 1653 3223 1723; x_wconf 90' lang='lat' dir='ltr'><strong>qui</strong></span> <span class='ocrx_word' id='word_1_208' title='bbox 3252 1652 3473 1722; x_wconf 64' lang='lat' dir='ltr'><strong>primum</strong></span> 
     </span>
    </p>
   </div>
   <div class='ocr_carea' id='block_1_33' title="bbox 1896 1745 3473 1820">
    <p class='ocr_par' dir='ltr' id='par_1_33' title="bbox 1896 1745 3473 1820">
     <span class='ocr_line' id='line_1_34' title="bbox 1896 1745 3473 1820; baseline -0.003 -18"><span class='ocrx_word' id='word_1_209' title='bbox 1896 1750 2159 1819; x_wconf 86' lang='lat' dir='ltr'><strong>peccarit,</strong></span> <span class='ocrx_word' id='word_1_210' title='bbox 2186 1749 2420 1820; x_wconf 88' lang='lat' dir='ltr'><strong>primum</strong></span> <span class='ocrx_word' id='word_1_211' title='bbox 2452 1751 2649 1806; x_wconf 89' lang='lat' dir='ltr'><strong>cedere</strong></span> <span class='ocrx_word' id='word_1_212' title='bbox 2672 1757 2727 1804; x_wconf 87' lang='lat' dir='ltr'><strong>et</strong></span> <span class='ocrx_word' id='word_1_213' title='bbox 2748 1748 2990 1802; x_wconf 87' lang='lat' dir='ltr'><strong>animum</strong></span> <span class='ocrx_word' id='word_1_214' title='bbox 3018 1745 3296 1801; x_wconf 79' lang='lat' dir='ltr'><strong>remittere</strong></span> <span class='ocrx_word' id='word_1_215' title='bbox 3314 1747 3473 1814; x_wconf 77' lang='lat' dir='ltr'><strong>opor-</strong></span> 
     </span>
    </p>
   </div>
   <div class='ocr_carea' id='block_1_34' title="bbox 1898 1838 3472 1907">
    <p class='ocr_par' dir='ltr' id='par_1_34' title="bbox 1898 1838 3472 1907">
     <span class='ocr_line' id='line_1_35' title="bbox 1898 1838 3472 1907; baseline -0.004 -13"><span class='ocrx_word' id='word_1_216' title='bbox 1898 1849 2009 1907; x_wconf 88' lang='lat' dir='ltr'><strong>tet;</strong></span> <span class='ocrx_word' id='word_1_217' title='bbox 2033 1848 2169 1896; x_wconf 86' lang='lat' dir='ltr'><strong>actu</strong></span> <span class='ocrx_word' id='word_1_218' title='bbox 2188 1856 2281 1895; x_wconf 86' lang='lat' dir='ltr'><strong>me</strong></span> <span class='ocrx_word' id='word_1_219' title='bbox 2303 1856 2429 1896; x_wconf 88' lang='lat' dir='ltr'><strong>eum</strong></span> <span class='ocrx_word' id='word_1_220' title='bbox 2459 1855 2587 1896; x_wconf 88' lang='lat' dir='ltr'><strong>esse</strong></span> <span class='ocrx_word' id='word_1_221' title='bbox 2609 1840 2715 1902; x_wconf 86' lang='lat' dir='ltr'><strong>vis,</strong></span> <span class='ocrx_word' id='word_1_222' title='bbox 2736 1840 2841 1894; x_wconf 84' lang='lat' dir='ltr'><strong>hoc</strong></span> <span class='ocrx_word' id='word_1_223' title='bbox 2856 1838 3023 1893; x_wconf 91' lang='lat' dir='ltr'><strong>etiam</strong></span> <span class='ocrx_word' id='word_1_224' title='bbox 3046 1844 3138 1891; x_wconf 87' lang='lat' dir='ltr'><strong>tua</strong></span> <span class='ocrx_word' id='word_1_225' title='bbox 3160 1850 3326 1890; x_wconf 85' lang='lat' dir='ltr'><strong>causa</strong></span> <span class='ocrx_word' id='word_1_226' title='bbox 3341 1848 3472 1894; x_wconf 84' lang='lat' dir='ltr'><strong>con-</strong></span> 
     </span>
    </p>
   </div>
   <div class='ocr_carea' id='block_1_35' title="bbox 204 1919 3297 2001">
    <p class='ocr_par' dir='ltr' id='par_1_35' title="bbox 204 1919 3297 2001">
     <span class='ocr_line' id='line_1_36' title="bbox 204 1919 3297 2001; baseline 0.003 -28"><span class='ocrx_word' id='word_1_227' title='bbox 204 1920 364 1975; x_wconf 79' lang='lat' dir='ltr'><strong>cedo.</strong></span> <span class='ocrx_word' id='word_1_228' title='bbox 407 1919 561 1977; x_wconf 90' lang='lat' dir='ltr'><strong>llunc</strong></span> <span class='ocrx_word' id='word_1_229' title='bbox 581 1923 726 1979; x_wconf 91' lang='lat' dir='ltr'><strong>enim</strong></span> <span class='ocrx_word' id='word_1_230' title='bbox 752 1940 851 1995; x_wconf 85' lang='lat' dir='ltr'><strong>par</strong></span> <span class='ocrx_word' id='word_1_231' title='bbox 876 1935 984 1994; x_wconf 89' lang='lat' dir='ltr'><strong>est,</strong></span> <span class='ocrx_word' id='word_1_232' title='bbox 1016 1930 1111 1998; x_wconf 93' lang='lat' dir='ltr'><strong>qui</strong></span> <span class='ocrx_word' id='word_1_233' title='bbox 1137 1936 1193 1985; x_wconf 89' lang='lat' dir='ltr'><strong>te</strong></span> <span class='ocrx_word' id='word_1_234' title='bbox 1216 1931 1371 2001; x_wconf 85' lang='lat' dir='ltr'><strong>prior</strong></span> <span class='ocrx_word' id='word_1_235' title='bbox 1398 1934 1695 1990; x_wconf 87' lang='lat' dir='ltr'><strong>conciliare</strong></span> <span class='ocrx_word' id='word_1_236' title='bbox 1714 1934 1822 1991; x_wconf 72' lang='lat' dir='ltr'><strong>sibi</strong></span> <span class='ocrx_word' id='word_1_237' title='bbox 1854 1933 2144 2000; x_wconf 86' lang='lat' dir='ltr'><strong>studuerit,</strong></span> <span class='ocrx_word' id='word_1_238' title='bbox 2177 1933 2408 1989; x_wconf 73' lang='lat' dir='ltr'><strong>subinde</strong></span> <span class='ocrx_word' id='word_1_239' title='bbox 2431 1933 2524 1987; x_wconf 87' lang='lat' dir='ltr'><strong>tibi</strong></span> <span class='ocrx_word' id='word_1_240' title='bbox 2558 1932 2869 1988; x_wconf 86' lang='lat' dir='ltr'><strong>condonare</strong></span> <span class='ocrx_word' id='word_1_241' title='bbox 2892 1944 3013 1999; x_wconf 69' lang='lat' dir='ltr'><strong>quae</strong></span> <span class='ocrx_word' id='word_1_242' title='bbox 3035 1928 3297 1983; x_wconf 81' lang='lat' dir='ltr'><strong>volueris.</strong></span> 
     </span>
    </p>
   </div>
   <div class='ocr_carea' id='block_1_36' title="bbox 737 2021 1266 2081">
    <p class='ocr_par' dir='ltr' id='par_1_36' title="bbox 737 2021 1266 2081">
     <span class='ocr_line' id='line_1_37' title="bbox 737 2021 1266 2081; baseline 0.008 -5"><span class='ocrx_word' id='word_1_243' title='bbox 737 2021 1082 2078; x_wconf 78' lang='grc' dir='ltr'><strong>ΕΠΙΣΤΟΛΗ</strong></span> <span class='ocrx_word' id='word_1_244' title='bbox 1118 2026 1266 2081; x_wconf 87' lang='grc' dir='ltr'><strong>Ρ1Ζ’.</strong></span> 
     </span>
    </p>
   </div>
   <div class='ocr_carea' id='block_1_37' title="bbox 829 2112 1643 2193">
    <p class='ocr_par' dir='ltr' id='par_1_37' title="bbox 829 2112 1643 2193">
     <span class='ocr_line' id='line_1_38' title="bbox 829 2112 1643 2193; baseline 0.005 -26"><span class='ocrx_word' id='word_1_245' title='bbox 829 2112 1181 2184; x_wconf 65' lang='grc' dir='ltr'>Ἦλιοδάερῳ.</span> <span class='ocrx_word' id='word_1_246' title='bbox 1638 2186 1643 2193; x_wconf 28' lang='grc' dir='ltr'>ι</span> 
     </span>
    </p>
   </div>
   <div class='ocr_carea' id='block_1_38' title="bbox 288 2197 1792 2285">
    <p class='ocr_par' dir='ltr' id='par_1_38' title="bbox 288 2197 1792 2285">
     <span class='ocr_line' id='line_1_39' title="bbox 288 2197 1792 2285; baseline 0.011 -34"><span class='ocrx_word' id='word_1_247' title='bbox 288 2197 354 2252; x_wconf 86' lang='grc' dir='ltr'><strong>Ἦ</strong></span> <span class='ocrx_word' id='word_1_248' title='bbox 386 2200 541 2272; x_wconf 74' lang='grc' dir='ltr'>φήμη</span> <span class='ocrx_word' id='word_1_249' title='bbox 578 2201 722 2271; x_wconf 79' lang='grc' dir='ltr'>Λέγει</span> <span class='ocrx_word' id='word_1_250' title='bbox 766 2203 1026 2261; x_wconf 85' lang='grc' dir='ltr'>δύνασθαί</span> <span class='ocrx_word' id='word_1_251' title='bbox 1078 2225 1138 2263; x_wconf 91' lang='grc' dir='ltr'><strong>σε</strong></span> <span class='ocrx_word' id='word_1_252' title='bbox 1178 2209 1350 2264; x_wconf 75' lang='grc' dir='ltr'>πολλὰ</span> <span class='ocrx_word' id='word_1_253' title='bbox 1390 2211 1543 2283; x_wconf 85' lang='grc' dir='ltr'>παρὰ</span> <span class='ocrx_word' id='word_1_254' title='bbox 1583 2213 1661 2285; x_wconf 81' lang='grc' dir='ltr'>τῷ</span> <span class='ocrx_word' id='word_1_255' title='bbox 1694 2212 1792 2269; x_wconf 93' lang='grc' dir='ltr'><strong>νῦν</strong></span> 
     </span>
    </p>
   </div>
   <div class='ocr_carea' id='block_1_39' title="bbox 201 2290 1788 2376">
    <p class='ocr_par' dir='ltr' id='par_1_39' title="bbox 201 2290 1788 2376">
     <span class='ocr_line' id='line_1_40' title="bbox 201 2290 1788 2376; baseline 0.011 -33"><span class='ocrx_word' id='word_1_256' title='bbox 201 2290 385 2361; x_wconf 73' lang='grc' dir='ltr'>ἔχοντι</span> <span class='ocrx_word' id='word_1_257' title='bbox 435 2294 535 2364; x_wconf 82' lang='grc' dir='ltr'><strong>τὴν</strong></span> <span class='ocrx_word' id='word_1_258' title='bbox 577 2296 889 2365; x_wconf 76' lang='grc' dir='ltr'><strong>Αἰγυπτίων</strong></span> <span class='ocrx_word' id='word_1_259' title='bbox 946 2301 1153 2373; x_wconf 79' lang='grc' dir='ltr'>ἀρχὴν·</span> <span class='ocrx_word' id='word_1_260' title='bbox 1216 2305 1310 2357; x_wconf 76' lang='grc' dir='ltr'>καὶ</span> <span class='ocrx_word' id='word_1_261' title='bbox 1371 2304 1540 2376; x_wconf 81' lang='grc' dir='ltr'><strong>ἀληθῆ</strong></span> <span class='ocrx_word' id='word_1_262' title='bbox 1605 2304 1788 2376; x_wconf 81' lang='grc' dir='ltr'>λέγει·</span> 
     </span>
    </p>
   </div>
   <div class='ocr_carea' id='block_1_40' title="bbox 198 2382 1786 2470">
    <p class='ocr_par' dir='ltr' id='par_1_40' title="bbox 198 2382 1786 2470">
     <span class='ocr_line' id='line_1_41' title="bbox 198 2382 1786 2470; baseline 0.011 -35"><span class='ocrx_word' id='word_1_263' title='bbox 198 2382 541 2449; x_wconf 76' lang='grc' dir='ltr'>δικαιότατος</span> <span class='ocrx_word' id='word_1_264' title='bbox 582 2387 689 2459; x_wconf 77' lang='grc' dir='ltr'>γὰρ</span> <span class='ocrx_word' id='word_1_265' title='bbox 737 2386 808 2452; x_wconf 76' lang='grc' dir='ltr'>εἴ,</span> <span class='ocrx_word' id='word_1_266' title='bbox 850 2392 1031 2458; x_wconf 78' lang='grc' dir='ltr'>καλῶς</span> <span class='ocrx_word' id='word_1_267' title='bbox 1066 2394 1145 2465; x_wconf 84' lang='grc' dir='ltr'>τῷ</span> <span class='ocrx_word' id='word_1_268' title='bbox 1187 2395 1444 2450; x_wconf 86' lang='grc' dir='ltr'>δύνασθαι</span> <span class='ocrx_word' id='word_1_269' title='bbox 1486 2397 1786 2470; x_wconf 75' lang='grc' dir='ltr'>χρώμενος.</span> 
     </span>
    </p>
   </div>
   <div class='ocr_carea' id='block_1_41' title="bbox 208 2474 1789 2565">
    <p class='ocr_par' dir='ltr' id='par_1_41' title="bbox 208 2474 1789 2565">
     <span class='ocr_line' id='line_1_42' title="bbox 208 2474 1789 2565; baseline 0.012 -36"><span class='ocrx_word' id='word_1_270' title='bbox 208 2475 397 2565; x_wconf 51' lang='grc' dir='ltr'>ἶυπως</span> <span class='ocrx_word' id='word_1_271' title='bbox 424 2474 518 2532; x_wconf 77' lang='grc' dir='ltr'>οὖν</span> <span class='ocrx_word' id='word_1_272' title='bbox 540 2479 687 2536; x_wconf 77' lang='grc' dir='ltr'>ὄναιο</span> <span class='ocrx_word' id='word_1_273' title='bbox 711 2483 811 2554; x_wconf 84' lang='grc' dir='ltr'>τῆς</span> <span class='ocrx_word' id='word_1_274' title='bbox 843 2487 941 2556; x_wconf 85' lang='grc' dir='ltr'>σῆς</span> <span class='ocrx_word' id='word_1_275' title='bbox 961 2487 1177 2555; x_wconf 79' lang='grc' dir='ltr'>φύσεως</span> <span class='ocrx_word' id='word_1_276' title='bbox 1206 2490 1296 2543; x_wconf 77' lang='grc' dir='ltr'>καὶ</span> <span class='ocrx_word' id='word_1_277' title='bbox 1321 2490 1619 2562; x_wconf 81' lang='grc' dir='ltr'>δυνάμεως,</span> <span class='ocrx_word' id='word_1_278' title='bbox 1646 2493 1789 2565; x_wconf 79' lang='grc' dir='ltr'>ὑπὲρ</span> 
     </span>
    </p>
   </div>
   <div class='ocr_carea' id='block_1_42' title="bbox 202 2560 1789 2649">
    <p class='ocr_par' dir='ltr' id='par_1_42' title="bbox 202 2560 1789 2649">
     <span class='ocr_line' id='line_1_43' title="bbox 202 2560 1789 2649; baseline 0.011 -27"><span class='ocrx_word' id='word_1_279' title='bbox 202 2560 285 2622; x_wconf 76' lang='grc' dir='ltr'>ὧν</span> <span class='ocrx_word' id='word_1_280' title='bbox 317 2571 345 2623; x_wconf 82' lang='grc' dir='ltr'><strong><em>ὁ</em></strong></span> <span class='ocrx_word' id='word_1_281' title='bbox 368 2571 499 2641; x_wconf 73' lang='grc' dir='ltr'>ἐμὸς</span> <span class='ocrx_word' id='word_1_282' title='bbox 550 2574 808 2638; x_wconf 82' lang='grc' dir='ltr'>Εὐσέϐιος</span> <span class='ocrx_word' id='word_1_283' title='bbox 833 2577 1023 2641; x_wconf 65' lang='grc' dir='ltr'>δεῖται,</span> <span class='ocrx_word' id='word_1_284' title='bbox 1048 2578 1295 2648; x_wconf 84' lang='grc' dir='ltr'>λέγοντος</span> <span class='ocrx_word' id='word_1_285' title='bbox 1336 2560 1588 2649; x_wconf 80' lang='grc' dir='ltr'>ἄκουσον,</span> <span class='ocrx_word' id='word_1_286' title='bbox 1616 2585 1685 2639; x_wconf 81' lang='grc' dir='ltr'>ἶν’</span> <span class='ocrx_word' id='word_1_287' title='bbox 1709 2560 1789 2638; x_wconf 42' lang='grc' dir='ltr'>είλ-</span> 
     </span>
    </p>
   </div>
   <div class='ocr_carea' id='block_1_43' title="bbox 200 2661 1226 2744">
    <p class='ocr_par' dir='ltr' id='par_1_43' title="bbox 200 2661 1226 2744">
     <span class='ocr_line' id='line_1_44' title="bbox 200 2661 1226 2744; baseline 0.012 -27"><span class='ocrx_word' id='word_1_288' title='bbox 200 2661 305 2732; x_wconf 76' lang='grc' dir='ltr'>δῇς</span> <span class='ocrx_word' id='word_1_289' title='bbox 334 2664 415 2718; x_wconf 81' lang='grc' dir='ltr'>ὅτι</span> <span class='ocrx_word' id='word_1_290' title='bbox 436 2666 535 2719; x_wconf 72' lang='grc' dir='ltr'>καὶ</span> <span class='ocrx_word' id='word_1_291' title='bbox 567 2667 769 2741; x_wconf 78' lang='grc' dir='ltr'>ῥήτορα</span> <span class='ocrx_word' id='word_1_292' title='bbox 798 2672 1226 2744; x_wconf 82' lang='grc' dir='ltr'>συνεστήσαμεν.</span> 
     </span>
    </p>
   </div>
   <div class='ocr_carea' id='block_1_44' title="bbox 736 2927 1259 2985">
    <p class='ocr_par' dir='ltr' id='par_1_44' title="bbox 736 2927 1259 2985">
     <span class='ocr_line' id='line_1_45' title="bbox 736 2927 1259 2985; baseline 0.004 -2"><span class='ocrx_word' id='word_1_293' title='bbox 736 2927 1079 2984; x_wconf 80' lang='grc' dir='ltr'><strong>ΕΠΙΣΤΟΛΗ</strong></span> <span class='ocrx_word' id='word_1_294' title='bbox 1125 2931 1259 2985; x_wconf 81' lang='lat' dir='ltr'><strong>PlH’</strong></span> 
     </span>
    </p>
   </div>
   <div class='ocr_carea' id='block_1_45' title="bbox 876 3022 1127 3089">
    <p class='ocr_par' dir='ltr' id='par_1_45' title="bbox 876 3022 1127 3089">
     <span class='ocr_line' id='line_1_46' title="bbox 876 3022 1127 3089; baseline -0.004 -15"><span class='ocrx_word' id='word_1_295' title='bbox 876 3022 1127 3089; x_wconf 62' lang='grc' dir='ltr'>Τρωίλῳ.</span> 
     </span>
    </p>
   </div>
   <div class='ocr_carea' id='block_1_46' title="bbox 186 3109 1789 3187">
    <p class='ocr_par' dir='ltr' id='par_1_46' title="bbox 186 3109 1789 3187">
     <span class='ocr_line' id='line_1_47' title="bbox 186 3109 1789 3187; baseline 0.004 -25"><span class='ocrx_word' id='word_1_296' title='bbox 186 3124 190 3131; x_wconf 83' lang='lat'>&#39;</span> <span class='ocrx_word' id='word_1_297' title='bbox 282 3110 345 3163; x_wconf 85' lang='grc' dir='ltr'><strong>Εἰ</strong></span> <span class='ocrx_word' id='word_1_298' title='bbox 372 3109 463 3163; x_wconf 68' lang='grc' dir='ltr'>τὸν</span> <span class='ocrx_word' id='word_1_299' title='bbox 496 3110 652 3181; x_wconf 83' lang='grc' dir='ltr'>ἦρωα</span> <span class='ocrx_word' id='word_1_300' title='bbox 688 3110 994 3180; x_wconf 81' lang='grc' dir='ltr'>Μαξιμῖνον</span> <span class='ocrx_word' id='word_1_301' title='bbox 1036 3110 1150 3182; x_wconf 65' lang='grc' dir='ltr'>[πὶ.</span> <span class='ocrx_word' id='word_1_302' title='bbox 1198 3109 1562 3187; x_wconf 78' lang='grc' dir='ltr'>Μαξιμιανὺν]</span> <span class='ocrx_word' id='word_1_303' title='bbox 1598 3109 1789 3169; x_wconf 78' lang='grc' dir='ltr'><strong>οἶσθα⁹</strong></span> 
     </span>
    </p>
   </div>
   <div class='ocr_carea' id='block_1_47' title="bbox 202 3200 1790 3275">
    <p class='ocr_par' dir='ltr' id='par_1_47' title="bbox 202 3200 1790 3275">
     <span class='ocr_line' id='line_1_48' title="bbox 202 3200 1790 3275; baseline 0.004 -23"><span class='ocrx_word' id='word_1_304' title='bbox 202 3200 450 3271; x_wconf 71' lang='grc' dir='ltr'>διέτριψε</span> <span class='ocrx_word' id='word_1_305' title='bbox 504 3202 614 3271; x_wconf 86' lang='lat'><strong>7&amp;9</strong></span> <span class='ocrx_word' id='word_1_306' title='bbox 655 3202 843 3273; x_wconf 83' lang='grc' dir='ltr'>χρόνον</span> <span class='ocrx_word' id='word_1_307' title='bbox 894 3202 1194 3271; x_wconf 80' lang='grc' dir='ltr'>ὑπόσυχνον</span> <span class='ocrx_word' id='word_1_308' title='bbox 1245 3203 1338 3255; x_wconf 74' lang='grc' dir='ltr'><strong>ἐπὶ</strong></span> <span class='ocrx_word' id='word_1_309' title='bbox 1394 3204 1756 3275; x_wconf 86' lang='grc' dir='ltr'>στρατοπέδου</span> <span class='ocrx_word' id='word_1_310' title='bbox 1774 3220 1790 3238; x_wconf 77' lang='grc'><strong><em>⁸</em></strong></span> 
     </span>
    </p>
   </div>
   <div class='ocr_carea' id='block_1_48' title="bbox 204 3288 1789 3364">
    <p class='ocr_par' dir='ltr' id='par_1_48' title="bbox 204 3288 1789 3364">
     <span class='ocr_line' id='line_1_49' title="bbox 204 3288 1789 3364; baseline 0.004 -21"><span class='ocrx_word' id='word_1_311' title='bbox 204 3292 428 3355; x_wconf 76' lang='grc' dir='ltr'>πάντως</span> <span class='ocrx_word' id='word_1_312' title='bbox 469 3293 562 3346; x_wconf 76' lang='grc' dir='ltr'><strong>καὶ</strong></span> <span class='ocrx_word' id='word_1_313' title='bbox 617 3293 699 3346; x_wconf 83' lang='grc' dir='ltr'><strong>ὅτι</strong></span> <span class='ocrx_word' id='word_1_314' title='bbox 752 3293 986 3364; x_wconf 81' lang='grc' dir='ltr'>χρηστὸς</span> <span class='ocrx_word' id='word_1_315' title='bbox 1033 3288 1123 3364; x_wconf 83' lang='grc' dir='ltr'>ἦν,</span> <span class='ocrx_word' id='word_1_316' title='bbox 1172 3289 1340 3348; x_wconf 60' lang='grc' dir='ltr'>οἶσθα.</span> <span class='ocrx_word' id='word_1_317' title='bbox 1393 3294 1596 3348; x_wconf 76' lang='grc' dir='ltr'>Τούτου</span> <span class='ocrx_word' id='word_1_318' title='bbox 1637 3296 1789 3360; x_wconf 79' lang='grc' dir='ltr'>παῖς,</span> 
     </span>
    </p>
   </div>
   <div class='ocr_carea' id='block_1_49' title="bbox 2290 2021 3083 2099">
    <p class='ocr_par' dir='ltr' id='par_1_49' title="bbox 2290 2021 3083 2099">
     <span class='ocr_line' id='line_1_50' title="bbox 2290 2021 3083 2099; baseline -0.011 -13"><span class='ocrx_word' id='word_1_319' title='bbox 2290 2027 2457 2099; x_wconf 77' lang='grc'><strong>256</strong></span> <span class='ocrx_word' id='word_1_320' title='bbox 2492 2025 2836 2081; x_wconf 67' lang='lat' dir='ltr'><strong>EPISTULA</strong></span> <span class='ocrx_word' id='word_1_321' title='bbox 2875 2021 3083 2080; x_wconf 73' lang='lat' dir='ltr'><strong>CXVII.</strong></span> 
     </span>
    </p>
   </div>
   <div class='ocr_carea' id='block_1_50' title="bbox 2525 2115 2832 2171">
    <p class='ocr_par' dir='ltr' id='par_1_50' title="bbox 2525 2115 2832 2171">
     <span class='ocr_line' id='line_1_51' title="bbox 2525 2115 2832 2171; baseline -0.01 0"><span class='ocrx_word' id='word_1_322' title='bbox 2525 2115 2832 2171; x_wconf 81' lang='lat' dir='ltr'><strong>Heliodoro.</strong></span> 
     </span>
    </p>
   </div>
   <div class='ocr_carea' id='block_1_51' title="bbox 1960 2205 3468 2281">
    <p class='ocr_par' dir='ltr' id='par_1_51' title="bbox 1960 2205 3468 2281">
     <span class='ocr_line' id='line_1_52' title="bbox 1960 2205 3468 2281; baseline -0.004 -18"><span class='ocrx_word' id='word_1_323' title='bbox 1960 2208 2129 2264; x_wconf 89' lang='lat' dir='ltr'><strong>Faam</strong></span> <span class='ocrx_word' id='word_1_324' title='bbox 2162 2217 2249 2266; x_wconf 88' lang='lat' dir='ltr'><strong>est</strong></span> <span class='ocrx_word' id='word_1_325' title='bbox 2282 2208 2579 2281; x_wconf 87' lang='lat' dir='ltr'><strong>plurimum</strong></span> <span class='ocrx_word' id='word_1_326' title='bbox 2610 2215 2665 2265; x_wconf 90' lang='lat' dir='ltr'><strong>te</strong></span> <span class='ocrx_word' id='word_1_327' title='bbox 2692 2208 2840 2278; x_wconf 89' lang='lat' dir='ltr'><strong>apud</strong></span> <span class='ocrx_word' id='word_1_328' title='bbox 2874 2205 3094 2278; x_wconf 66' lang='lat' dir='ltr'><strong>Egypti</strong></span> <span class='ocrx_word' id='word_1_329' title='bbox 3150 2206 3468 2276; x_wconf 62' lang='lat' dir='ltr'><strong>praefectum</strong></span> 
     </span>
    </p>
   </div>
   <div class='ocr_carea' id='block_1_52' title="bbox 1888 2296 3471 2373">
    <p class='ocr_par' dir='ltr' id='par_1_52' title="bbox 1888 2296 3471 2373">
     <span class='ocr_line' id='line_1_53' title="bbox 1888 2296 3471 2373; baseline -0.003 -19"><span class='ocrx_word' id='word_1_330' title='bbox 1888 2302 2066 2373; x_wconf 82' lang='lat' dir='ltr'><strong>gratia</strong></span> <span class='ocrx_word' id='word_1_331' title='bbox 2128 2310 2186 2357; x_wconf 83' lang='lat' dir='ltr'><strong>et</strong></span> <span class='ocrx_word' id='word_1_332' title='bbox 2228 2303 2558 2357; x_wconf 83' lang='lat' dir='ltr'><strong>auctoritate</strong></span> <span class='ocrx_word' id='word_1_333' title='bbox 2627 2301 2855 2366; x_wconf 79' lang='lat' dir='ltr'><strong>valere;</strong></span> <span class='ocrx_word' id='word_1_334' title='bbox 2904 2314 3144 2367; x_wconf 78' lang='lat' dir='ltr'><strong>vereque</strong></span> <span class='ocrx_word' id='word_1_335' title='bbox 3180 2299 3271 2351; x_wconf 84' lang='lat' dir='ltr'><strong>illa</strong></span> <span class='ocrx_word' id='word_1_336' title='bbox 3309 2296 3379 2351; x_wconf 85' lang='lat' dir='ltr'><strong>de</strong></span> <span class='ocrx_word' id='word_1_337' title='bbox 3416 2303 3471 2350; x_wconf 89' lang='lat' dir='ltr'><strong>te</strong></span> 
     </span>
    </p>
   </div>
   <div class='ocr_carea' id='block_1_53' title="bbox 1891 2390 3468 2461">
    <p class='ocr_par' dir='ltr' id='par_1_53' title="bbox 1891 2390 3468 2461">
     <span class='ocr_line' id='line_1_54' title="bbox 1891 2390 3468 2461; baseline -0.004 -16"><span class='ocrx_word' id='word_1_338' title='bbox 1891 2392 2190 2461; x_wconf 71' lang='lat' dir='ltr'><strong>praedicat:</strong></span> <span class='ocrx_word' id='word_1_339' title='bbox 2218 2391 2581 2460; x_wconf 88' lang='lat' dir='ltr'><strong>dignissimus</strong></span> <span class='ocrx_word' id='word_1_340' title='bbox 2609 2390 2756 2444; x_wconf 89' lang='lat' dir='ltr'><strong>enim</strong></span> <span class='ocrx_word' id='word_1_341' title='bbox 2806 2404 2870 2443; x_wconf 85' lang='lat' dir='ltr'><strong>es</strong></span> <span class='ocrx_word' id='word_1_342' title='bbox 2895 2390 2987 2458; x_wconf 87' lang='lat' dir='ltr'><strong>qui</strong></span> <span class='ocrx_word' id='word_1_343' title='bbox 3014 2396 3284 2459; x_wconf 77' lang='lat' dir='ltr'><strong>potestate</strong></span> <span class='ocrx_word' id='word_1_344' title='bbox 3304 2402 3468 2456; x_wconf 82' lang='lat' dir='ltr'><strong>quam</strong></span> 
     </span>
    </p>
   </div>
   <div class='ocr_carea' id='block_1_54' title="bbox 1891 2479 3471 2552">
    <p class='ocr_par' dir='ltr' id='par_1_54' title="bbox 1891 2479 3471 2552">
     <span class='ocr_line' id='line_1_55' title="bbox 1891 2479 3471 2552; baseline -0.001 -16"><span class='ocrx_word' id='word_1_345' title='bbox 1891 2482 2121 2538; x_wconf 84' lang='lat' dir='ltr'><strong>honeste</strong></span> <span class='ocrx_word' id='word_1_346' title='bbox 2162 2482 2358 2537; x_wconf 85' lang='lat' dir='ltr'><strong>uteris.</strong></span> <span class='ocrx_word' id='word_1_347' title='bbox 2395 2482 2469 2537; x_wconf 88' lang='lat' dir='ltr'><strong>Ut</strong></span> <span class='ocrx_word' id='word_1_348' title='bbox 2511 2482 2681 2552; x_wconf 80' lang='lat' dir='ltr'><strong>igitur</strong></span> <span class='ocrx_word' id='word_1_349' title='bbox 2718 2480 3063 2550; x_wconf 77' lang='lat' dir='ltr'><strong>aliquemex</strong></span> <span class='ocrx_word' id='word_1_350' title='bbox 3102 2479 3285 2533; x_wconf 78' lang='lat' dir='ltr'><strong>indole</strong></span> <span class='ocrx_word' id='word_1_351' title='bbox 3317 2484 3471 2549; x_wconf 87' lang='lat' dir='ltr'><strong>pote-</strong></span> 
     </span>
    </p>
   </div>
   <div class='ocr_carea' id='block_1_55' title="bbox 1889 2570 3472 2646">
    <p class='ocr_par' dir='ltr' id='par_1_55' title="bbox 1889 2570 3472 2646">
     <span class='ocr_line' id='line_1_56' title="bbox 1889 2570 3472 2646; baseline -0.003 -15"><span class='ocrx_word' id='word_1_352' title='bbox 1889 2585 2145 2646; x_wconf 85' lang='lat' dir='ltr'><strong>stateque</strong></span> <span class='ocrx_word' id='word_1_353' title='bbox 2178 2584 2272 2629; x_wconf 91' lang='lat' dir='ltr'><strong>tua</strong></span> <span class='ocrx_word' id='word_1_354' title='bbox 2305 2574 2545 2629; x_wconf 76' lang='lat' dir='ltr'><strong>fructum</strong></span> <span class='ocrx_word' id='word_1_355' title='bbox 2578 2574 2797 2643; x_wconf 81' lang='lat' dir='ltr'><strong>capias,</strong></span> <span class='ocrx_word' id='word_1_356' title='bbox 2834 2588 2957 2644; x_wconf 79' lang='lat' dir='ltr'><strong>qua:</strong></span> <span class='ocrx_word' id='word_1_357' title='bbox 3005 2588 3163 2627; x_wconf 90' lang='lat' dir='ltr'><strong>meus</strong></span> <span class='ocrx_word' id='word_1_358' title='bbox 3195 2570 3472 2626; x_wconf 75' lang='lat' dir='ltr'><strong>Eusebius</strong></span> 
     </span>
    </p>
   </div>
   <div class='ocr_carea' id='block_1_56' title="bbox 1897 2661 3473 2734">
    <p class='ocr_par' dir='ltr' id='par_1_56' title="bbox 1897 2661 3473 2734">
     <span class='ocr_line' id='line_1_57' title="bbox 1897 2661 3473 2734; baseline -0.004 -14"><span class='ocrx_word' id='word_1_359' title='bbox 1897 2668 1998 2723; x_wconf 85' lang='lat' dir='ltr'><strong>abs</strong></span> <span class='ocrx_word' id='word_1_360' title='bbox 2027 2674 2083 2721; x_wconf 90' lang='lat' dir='ltr'><strong>te</strong></span> <span class='ocrx_word' id='word_1_361' title='bbox 2110 2667 2417 2727; x_wconf 79' lang='lat' dir='ltr'><strong>desideret.</strong></span> <span class='ocrx_word' id='word_1_362' title='bbox 2446 2680 2519 2719; x_wconf 69' lang='lat' dir='ltr'><strong>ra</strong></span> <span class='ocrx_word' id='word_1_363' title='bbox 2562 2673 2928 2734; x_wconf 76' lang='lat' dir='ltr'><strong>exponentem</strong></span> <span class='ocrx_word' id='word_1_364' title='bbox 2956 2664 3109 2716; x_wconf 84' lang='lat' dir='ltr'><strong>illum</strong></span> <span class='ocrx_word' id='word_1_365' title='bbox 3146 2661 3368 2729; x_wconf 80' lang='lat' dir='ltr'><strong>audias;</strong></span> <span class='ocrx_word' id='word_1_366' title='bbox 3414 2670 3473 2715; x_wconf 92' lang='lat' dir='ltr'><strong>ut</strong></span> 
     </span>
    </p>
   </div>
   <div class='ocr_carea' id='block_1_57' title="bbox 1881 2758 3473 2828">
    <p class='ocr_par' dir='ltr' id='par_1_57' title="bbox 1881 2758 3473 2828">
     <span class='ocr_line' id='line_1_58' title="bbox 1881 2758 3473 2828; baseline -0.004 -13"><span class='ocrx_word' id='word_1_367' title='bbox 1881 2760 2056 2815; x_wconf 70' lang='lat' dir='ltr'><strong>etiam</strong></span> <span class='ocrx_word' id='word_1_368' title='bbox 2117 2768 2393 2814; x_wconf 79' lang='lat' dir='ltr'><strong>oratorem</strong></span> <span class='ocrx_word' id='word_1_369' title='bbox 2448 2758 2737 2828; x_wconf 74' lang='lat' dir='ltr'><strong>intelligas</strong></span> <span class='ocrx_word' id='word_1_370' title='bbox 2790 2771 2821 2809; x_wconf 90' lang='lat' dir='ltr'><strong>a</strong></span> <span class='ocrx_word' id='word_1_371' title='bbox 2871 2771 2959 2811; x_wconf 92' lang='lat' dir='ltr'><strong>me</strong></span> <span class='ocrx_word' id='word_1_372' title='bbox 3011 2771 3136 2811; x_wconf 85' lang='lat' dir='ltr'><strong>esse</strong></span> <span class='ocrx_word' id='word_1_373' title='bbox 3187 2768 3473 2809; x_wconf 73' lang='lat' dir='ltr'><strong>curamcu-</strong></span> 
     </span>
    </p>
   </div>
   <div class='ocr_carea' id='block_1_58' title="bbox 1891 2852 2103 2907">
    <p class='ocr_par' dir='ltr' id='par_1_58' title="bbox 1891 2852 2103 2907">
     <span class='ocr_line' id='line_1_59' title="bbox 1891 2852 2103 2907; baseline -0.009 0"><span class='ocrx_word' id='word_1_374' title='bbox 1891 2852 2103 2907; x_wconf 75' lang='lat' dir='ltr'><strong>datum.</strong></span> 
     </span>
    </p>
   </div>
   <div class='ocr_carea' id='block_1_59' title="bbox 2377 2932 2976 2993">
    <p class='ocr_par' dir='ltr' id='par_1_59' title="bbox 2377 2932 2976 2993">
     <span class='ocr_line' id='line_1_60' title="bbox 2377 2932 2976 2993; baseline -0.007 0"><span class='ocrx_word' id='word_1_375' title='bbox 2377 2934 2717 2993; x_wconf 81' lang='lat' dir='ltr'><strong>EPISTOLA</strong></span> <span class='ocrx_word' id='word_1_376' title='bbox 2743 2932 2976 2991; x_wconf 59' lang='lat' dir='ltr'><strong>CXVIII.</strong></span> 
     </span>
    </p>
   </div>
   <div class='ocr_carea' id='block_1_60' title="bbox 2583 3028 2788 3082">
    <p class='ocr_par' dir='ltr' id='par_1_60' title="bbox 2583 3028 2788 3082">
     <span class='ocr_line' id='line_1_61' title="bbox 2583 3028 2788 3082; baseline -0.01 0"><span class='ocrx_word' id='word_1_377' title='bbox 2583 3028 2626 3082; x_wconf 88' lang='grc' dir='ltr'><em>Τ</em></span> <span class='ocrx_word' id='word_1_378' title='bbox 2628 3028 2788 3082; x_wconf 73' lang='lat' dir='ltr'><strong>roiio.</strong></span> 
     </span>
    </p>
   </div>
   <div class='ocr_carea' id='block_1_61' title="bbox 1964 3114 3472 3189">
    <p class='ocr_par' dir='ltr' id='par_1_61' title="bbox 1964 3114 3472 3189">
     <span class='ocr_line' id='line_1_62' title="bbox 1964 3114 3472 3189; baseline -0.005 -11"><span class='ocrx_word' id='word_1_379' title='bbox 1964 3121 2023 3179; x_wconf 86' lang='lat' dir='ltr'><strong>Si</strong></span> <span class='ocrx_word' id='word_1_380' title='bbox 2075 3121 2431 3176; x_wconf 73' lang='lat' dir='ltr'><strong>Maximinum</strong></span> <span class='ocrx_word' id='word_1_381' title='bbox 2469 3119 2692 3175; x_wconf 88' lang='lat' dir='ltr'><strong>heroem</strong></span> <span class='ocrx_word' id='word_1_382' title='bbox 2720 3116 3057 3189; x_wconf 84' lang='lat' dir='ltr'><strong>cognoscis:</strong></span> <span class='ocrx_word' id='word_1_383' title='bbox 3090 3115 3195 3173; x_wconf 84' lang='lat' dir='ltr'><strong>diu.</strong></span> <span class='ocrx_word' id='word_1_384' title='bbox 3214 3115 3367 3170; x_wconf 86' lang='lat' dir='ltr'><strong>enim</strong></span> <span class='ocrx_word' id='word_1_385' title='bbox 3412 3114 3472 3171; x_wconf 88' lang='lat' dir='ltr'><strong>in</strong></span> 
     </span>
    </p>
   </div>
   <div class='ocr_carea' id='block_1_62' title="bbox 1884 3207 3472 3282">
    <p class='ocr_par' dir='ltr' id='par_1_62' title="bbox 1884 3207 3472 3282">
     <span class='ocr_line' id='line_1_63' title="bbox 1884 3207 3472 3282; baseline -0.006 -12"><span class='ocrx_word' id='word_1_386' title='bbox 1884 3214 2160 3270; x_wconf 79' lang='lat' dir='ltr'><strong>comitatu</strong></span> <span class='ocrx_word' id='word_1_387' title='bbox 2192 3220 2446 3269; x_wconf 87' lang='lat' dir='ltr'><strong>versatus</strong></span> <span class='ocrx_word' id='word_1_388' title='bbox 2472 3218 2557 3268; x_wconf 90' lang='lat' dir='ltr'><strong>est</strong></span> <span class='ocrx_word' id='word_1_389' title='bbox 2584 3230 2600 3264; x_wconf 89' lang='lat'><strong><em>:</em></strong></span> <span class='ocrx_word' id='word_1_390' title='bbox 2634 3224 2864 3282; x_wconf 81' lang='lat' dir='ltr'><strong>prorsus</strong></span> <span class='ocrx_word' id='word_1_391' title='bbox 2895 3216 2954 3264; x_wconf 87' lang='lat' dir='ltr'><strong>et</strong></span> <span class='ocrx_word' id='word_1_392' title='bbox 2978 3207 3234 3264; x_wconf 85' lang='lat' dir='ltr'><strong>eumdem</strong></span> <span class='ocrx_word' id='word_1_393' title='bbox 3268 3207 3472 3261; x_wconf 88' lang='lat' dir='ltr'><strong>bonum</strong></span> 
     </span>
    </p>
   </div>
   <div class='ocr_carea' id='block_1_63' title="bbox 1892 3298 3472 3374">
    <p class='ocr_par' dir='ltr' id='par_1_63' title="bbox 1892 3298 3472 3374">
     <span class='ocr_line' id='line_1_64' title="bbox 1892 3298 3472 3374; baseline -0.003 -15"><span class='ocrx_word' id='word_1_394' title='bbox 1892 3305 2073 3360; x_wconf 88' lang='lat' dir='ltr'><strong>virum</strong></span> <span class='ocrx_word' id='word_1_395' title='bbox 2133 3319 2258 3361; x_wconf 88' lang='lat' dir='ltr'><strong>esse</strong></span> <span class='ocrx_word' id='word_1_396' title='bbox 2296 3302 2612 3374; x_wconf 78' lang='lat' dir='ltr'><strong>cognoscis.</strong></span> <span class='ocrx_word' id='word_1_397' title='bbox 2656 3299 2834 3370; x_wconf 78' lang='lat' dir='ltr'><strong>Hujus</strong></span> <span class='ocrx_word' id='word_1_398' title='bbox 2885 3300 3052 3362; x_wconf 82' lang='lat' dir='ltr'><strong>ﬁlius.</strong></span> <span class='ocrx_word' id='word_1_399' title='bbox 3103 3298 3472 3354; x_wconf 78' lang='lat' dir='ltr'><strong>consobrinus</strong></span> 
     </span>
    </p>
   </div>
   <div class='ocr_carea' id='block_1_64' title="bbox 203 3370 1794 3465">
    <p class='ocr_par' dir='ltr' id='par_1_64' title="bbox 203 3382 1792 3457">
     <span class='ocr_line' id='line_1_65' title="bbox 203 3382 1792 3457; baseline 0.003 -22"><span class='ocrx_word' id='word_1_400' title='bbox 203 3384 343 3455; x_wconf 66' lang='grc' dir='ltr'>ὲμδς</span> <span class='ocrx_word' id='word_1_401' title='bbox 376 3383 671 3454; x_wconf 69' lang='grc' dir='ltr'>ἐξανεψιος,</span> <span class='ocrx_word' id='word_1_402' title='bbox 706 3382 765 3447; x_wconf 81' lang='grc' dir='ltr'>ὃς</span> <span class='ocrx_word' id='word_1_403' title='bbox 813 3384 1066 3439; x_wconf 72' lang='grc' dir='ltr'>ἐπιδώσει</span> <span class='ocrx_word' id='word_1_404' title='bbox 1103 3401 1185 3437; x_wconf 87' lang='grc' dir='ltr'><strong>σοι</strong></span> <span class='ocrx_word' id='word_1_405' title='bbox 1236 3384 1334 3455; x_wconf 79' lang='grc' dir='ltr'>τὴν</span> <span class='ocrx_word' id='word_1_406' title='bbox 1376 3385 1690 3457; x_wconf 73' lang='grc' dir='ltr'>ἐπιστολήν·</span> <span class='ocrx_word' id='word_1_407' title='bbox 1731 3384 1792 3440; x_wconf 83' lang='grc' dir='ltr'><strong>δν</strong></span> 
     </span>
    </p>
   </div>
   <div class='ocr_carea' id='block_1_65' title="bbox 1898 3370 3471 3465">
    <p class='ocr_par' dir='ltr' id='par_1_65' title="bbox 1898 3370 3471 3465">
     <span class='ocr_line' id='line_1_66' title="bbox 1898 3370 3471 3465; baseline -0.007 -13"><span class='ocrx_word' id='word_1_408' title='bbox 1898 3410 1959 3452; x_wconf 80' lang='lat' dir='ltr'><strong>ex</strong></span> <span class='ocrx_word' id='word_1_409' title='bbox 1993 3402 2149 3465; x_wconf 87' lang='lat' dir='ltr'><strong>patre</strong></span> <span class='ocrx_word' id='word_1_410' title='bbox 2199 3410 2355 3450; x_wconf 88' lang='lat' dir='ltr'><strong>meus</strong></span> <span class='ocrx_word' id='word_1_411' title='bbox 2373 3370 2477 3449; x_wconf 31' lang='lat' dir='ltr'><strong>Vest</strong></span> <span class='ocrx_word' id='word_1_412' title='bbox 2500 3433 2517 3459; x_wconf 96' lang='lat'><strong>,</strong></span> <span class='ocrx_word' id='word_1_413' title='bbox 2559 3392 2655 3462; x_wconf 86' lang='lat' dir='ltr'><strong>qui</strong></span> <span class='ocrx_word' id='word_1_414' title='bbox 2688 3392 2789 3447; x_wconf 89' lang='lat' dir='ltr'><strong>tibi</strong></span> <span class='ocrx_word' id='word_1_415' title='bbox 2833 3392 3000 3446; x_wconf 86' lang='lat' dir='ltr'><strong>hasce</strong></span> <span class='ocrx_word' id='word_1_416' title='bbox 3039 3390 3249 3445; x_wconf 86' lang='lat' dir='ltr'><strong>litteras</strong></span> <span class='ocrx_word' id='word_1_417' title='bbox 3272 3388 3471 3451; x_wconf 85' lang='lat' dir='ltr'><strong>dabit;</strong></span> 
     </span>
    </p>
   </div>
   <div class='ocr_carea' id='block_1_66' title="bbox 204 3472 1795 3545">
    <p class='ocr_par' dir='ltr' id='par_1_66' title="bbox 204 3472 1795 3545">
     <span class='ocr_line' id='line_1_67' title="bbox 204 3472 1795 3545; baseline 0.003 -21"><span class='ocrx_word' id='word_1_418' title='bbox 204 3472 397 3544; x_wconf 74' lang='grc' dir='ltr'>ἕτερος</span> <span class='ocrx_word' id='word_1_419' title='bbox 429 3472 527 3543; x_wconf 83' lang='grc' dir='ltr'>μέν</span> <span class='ocrx_word' id='word_1_420' title='bbox 555 3489 639 3535; x_wconf 88' lang='grc' dir='ltr'><strong>τις</strong></span> <span class='ocrx_word' id='word_1_421' title='bbox 671 3472 798 3536; x_wconf 81' lang='grc' dir='ltr'>ῑσως</span> <span class='ocrx_word' id='word_1_422' title='bbox 829 3474 924 3526; x_wconf 80' lang='grc' dir='ltr'>καὶ</span> <span class='ocrx_word' id='word_1_423' title='bbox 952 3472 1042 3527; x_wconf 82' lang='grc' dir='ltr'>διὰ</span> <span class='ocrx_word' id='word_1_424' title='bbox 1076 3474 1175 3544; x_wconf 81' lang='grc' dir='ltr'>τὴν</span> <span class='ocrx_word' id='word_1_425' title='bbox 1200 3473 1371 3544; x_wconf 76' lang='grc' dir='ltr'>τύχην</span> <span class='ocrx_word' id='word_1_426' title='bbox 1393 3475 1615 3545; x_wconf 85' lang='grc' dir='ltr'><strong>τιμήσει</strong></span> <span class='ocrx_word' id='word_1_427' title='bbox 1634 3490 1649 3507; x_wconf 77' lang='grc'><em>’</em></span> <span class='ocrx_word' id='word_1_428' title='bbox 1686 3474 1795 3528; x_wconf 85' lang='grc' dir='ltr'><strong>τῶν</strong></span> 
     </span>
    </p>
   </div>
   <div class='ocr_carea' id='block_1_67' title="bbox 204 3561 1796 3635">
    <p class='ocr_par' dir='ltr' id='par_1_67' title="bbox 204 3561 1796 3635">
     <span class='ocr_line' id='line_1_68' title="bbox 204 3561 1796 3635; baseline 0.004 -23"><span class='ocrx_word' id='word_1_429' title='bbox 204 3562 320 3632; x_wconf 63' lang='grc' dir='ltr'>γὲρ</span> <span class='ocrx_word' id='word_1_430' title='bbox 368 3561 644 3630; x_wconf 72' lang='grc' dir='ltr'>ἀρξάντων</span> <span class='ocrx_word' id='word_1_431' title='bbox 692 3561 839 3615; x_wconf 71' lang='grc' dir='ltr'>ἐστὶν</span> <span class='ocrx_word' id='word_1_432' title='bbox 885 3562 985 3615; x_wconf 84' lang='grc' dir='ltr'><strong>οὐκ</strong></span> <span class='ocrx_word' id='word_1_433' title='bbox 1029 3562 1343 3633; x_wconf 72' lang='grc' dir='ltr'><strong>ἀφιλότιμον</strong></span> <span class='ocrx_word' id='word_1_434' title='bbox 1389 3565 1586 3635; x_wconf 78' lang='grc' dir='ltr'>ἀρχήν.</span> <span class='ocrx_word' id='word_1_435' title='bbox 1631 3563 1689 3618; x_wconf 85' lang='lat'><strong>&#39;0</strong></span> <span class='ocrx_word' id='word_1_436' title='bbox 1738 3563 1796 3617; x_wconf 72' lang='grc' dir='ltr'>δὶ</span> 
     </span>
    </p>
   </div>
   <div class='ocr_carea' id='block_1_68' title="bbox 202 3651 1797 3723">
    <p class='ocr_par' dir='ltr' id='par_1_68' title="bbox 202 3651 1797 3723">
     <span class='ocr_line' id='line_1_69' title="bbox 202 3651 1797 3723; baseline 0.002 -19"><span class='ocrx_word' id='word_1_437' title='bbox 202 3652 496 3721; x_wconf 60' lang='grc' dir='ltr'>φιλόσοφος</span> <span class='ocrx_word' id='word_1_438' title='bbox 544 3652 784 3723; x_wconf 77' lang='grc' dir='ltr'>Τρωΐλος</span> <span class='ocrx_word' id='word_1_439' title='bbox 834 3651 1023 3706; x_wconf 78' lang='grc' dir='ltr'>τᾶνδον</span> <span class='ocrx_word' id='word_1_440' title='bbox 1067 3652 1257 3722; x_wconf 69' lang='grc' dir='ltr'>ὄψεται</span> <span class='ocrx_word' id='word_1_441' title='bbox 1290 3653 1382 3707; x_wconf 88' lang='grc' dir='ltr'><strong>τοῦ</strong></span> <span class='ocrx_word' id='word_1_442' title='bbox 1427 3654 1666 3720; x_wconf 82' lang='grc' dir='ltr'>νεανίου,</span> <span class='ocrx_word' id='word_1_443' title='bbox 1695 3654 1797 3707; x_wconf 81' lang='grc' dir='ltr'><strong>κὰ-</strong></span> 
     </span>
    </p>
   </div>
   <div class='ocr_carea' id='block_1_69' title="bbox 204 3741 1795 3812">
    <p class='ocr_par' dir='ltr' id='par_1_69' title="bbox 204 3741 1795 3812">
     <span class='ocr_line' id='line_1_70' title="bbox 204 3741 1795 3812; baseline 0 -16"><span class='ocrx_word' id='word_1_444' title='bbox 204 3742 393 3796; x_wconf 81' lang='grc' dir='ltr'>κείθεν</span> <span class='ocrx_word' id='word_1_445' title='bbox 431 3741 592 3796; x_wconf 82' lang='grc' dir='ltr'>αὐτὸν</span> <span class='ocrx_word' id='word_1_446' title='bbox 614 3742 911 3796; x_wconf 77' lang='grc' dir='ltr'>ἐπαινέσει.</span> <span class='ocrx_word' id='word_1_447' title='bbox 940 3742 1109 3812; x_wconf 74' lang='grc' dir='ltr'>Δῆλον</span> <span class='ocrx_word' id='word_1_448' title='bbox 1132 3744 1189 3797; x_wconf 77' lang='grc' dir='ltr'>δὲ</span> <span class='ocrx_word' id='word_1_449' title='bbox 1221 3744 1303 3797; x_wconf 81' lang='grc' dir='ltr'><strong>ὅτι</strong></span> <span class='ocrx_word' id='word_1_450' title='bbox 1343 3744 1442 3797; x_wconf 77' lang='grc' dir='ltr'>-καὶ</span> <span class='ocrx_word' id='word_1_451' title='bbox 1474 3744 1795 3808; x_wconf 81' lang='grc' dir='ltr'>συνδιοίσεις</span> 
     </span>
    </p>
   </div>
   <div class='ocr_carea' id='block_1_70' title="bbox 202 3832 1796 3907">
    <p class='ocr_par' dir='ltr' id='par_1_70' title="bbox 202 3832 1796 3907">
     <span class='ocr_line' id='line_1_71' title="bbox 202 3832 1796 3907; baseline 0.002 -20"><span class='ocrx_word' id='word_1_452' title='bbox 202 3833 285 3887; x_wconf 74' lang='grc' dir='ltr'>τὰ</span> <span class='ocrx_word' id='word_1_453' title='bbox 309 3833 549 3905; x_wconf 83' lang='grc' dir='ltr'>παρόντα</span> <span class='ocrx_word' id='word_1_454' title='bbox 588 3832 757 3904; x_wconf 83' lang='grc' dir='ltr'>αὐτῷ.</span> <span class='ocrx_word' id='word_1_455' title='bbox 798 3833 1177 3905; x_wconf 81' lang='grc' dir='ltr'>Σπαράττεται</span> <span class='ocrx_word' id='word_1_456' title='bbox 1216 3834 1325 3907; x_wconf 81' lang='grc' dir='ltr'>γὰρ</span> <span class='ocrx_word' id='word_1_457' title='bbox 1366 3835 1472 3888; x_wconf 84' lang='grc' dir='ltr'><strong>ὑπὸ</strong></span> <span class='ocrx_word' id='word_1_458' title='bbox 1509 3836 1796 3890; x_wconf 70' lang='grc' dir='ltr'>ἑνδεικτῶν</span> 
     </span>
    </p>
   </div>
   <div class='ocr_carea' id='block_1_71' title="bbox 202 3923 1796 3997">
    <p class='ocr_par' dir='ltr' id='par_1_71' title="bbox 202 3923 1796 3997">
     <span class='ocr_line' id='line_1_72' title="bbox 202 3923 1796 3997; baseline 0 -17"><span class='ocrx_word' id='word_1_459' title='bbox 202 3925 398 3988; x_wconf 81' lang='grc' dir='ltr'>κακῶς</span> <span class='ocrx_word' id='word_1_460' title='bbox 421 3923 728 3994; x_wconf 76' lang='grc' dir='ltr'>ὲπιφύντων</span> <span class='ocrx_word' id='word_1_461' title='bbox 754 3927 821 3997; x_wconf 80' lang='grc' dir='ltr'>τῇ</span> <span class='ocrx_word' id='word_1_462' title='bbox 853 3925 1100 3996; x_wconf 78' lang='grc' dir='ltr'>Κυρήνῃ,</span> <span class='ocrx_word' id='word_1_463' title='bbox 1130 3927 1188 3979; x_wconf 80' lang='grc' dir='ltr'>ει</span> <span class='ocrx_word' id='word_1_464' title='bbox 1208 3925 1297 3995; x_wconf 74' lang='grc' dir='ltr'>μὴ</span> <span class='ocrx_word' id='word_1_465' title='bbox 1340 3927 1431 3981; x_wconf 70' lang='grc' dir='ltr'><strong>σύ</strong></span> <span class='ocrx_word' id='word_1_466' title='bbox 1478 3944 1545 3997; x_wconf 78' lang='grc' dir='ltr'>τε</span> <span class='ocrx_word' id='word_1_467' title='bbox 1582 3926 1796 3982; x_wconf 81' lang='grc' dir='ltr'>δύσεαι</span> 
     </span>
    </p>
   </div>
   <div class='ocr_carea' id='block_1_72' title="bbox 166 4016 1796 4091">
    <p class='ocr_par' dir='ltr' id='par_1_72' title="bbox 166 4016 1796 4091">
     <span class='ocr_line' id='line_1_73' title="bbox 166 4016 1796 4091; baseline -0.001 -17"><span class='ocrx_word' id='word_1_468' title='bbox 166 4086 171 4091; x_wconf 25' lang='grc' dir='ltr'>ι</span> <span class='ocrx_word' id='word_1_469' title='bbox 205 4017 438 4087; x_wconf 65' lang='grc' dir='ltr'>ἀλκήν.</span> <span class='ocrx_word' id='word_1_470' title='bbox 477 4018 544 4069; x_wconf 82' lang='grc'><strong>⁸⁸0</strong></span> <span class='ocrx_word' id='word_1_471' title='bbox 580 4036 637 4072; x_wconf 80' lang='grc' dir='ltr'><strong>τι</strong></span> <span class='ocrx_word' id='word_1_472' title='bbox 682 4016 792 4087; x_wconf 84' lang='grc' dir='ltr'><strong>γὰρ</strong></span> <span class='ocrx_word' id='word_1_473' title='bbox 836 4016 1136 4087; x_wconf 76' lang='grc' dir='ltr'>Ἀνθέμιον,</span> <span class='ocrx_word' id='word_1_474' title='bbox 1168 4018 1204 4087; x_wconf 75' lang='grc' dir='ltr'>ἡ</span> <span class='ocrx_word' id='word_1_475' title='bbox 1236 4034 1359 4071; x_wconf 82' lang='grc' dir='ltr'>τινα</span> <span class='ocrx_word' id='word_1_476' title='bbox 1389 4017 1496 4071; x_wconf 84' lang='grc' dir='ltr'>τῶν</span> <span class='ocrx_word' id='word_1_477' title='bbox 1522 4020 1796 4089; x_wconf 83' lang='grc' dir='ltr'>ὁμοτίμων</span> 
     </span>
    </p>
   </div>
   <div class='ocr_carea' id='block_1_73' title="bbox 199 4107 1796 4181">
    <p class='ocr_par' dir='ltr' id='par_1_73' title="bbox 199 4107 1796 4181">
     <span class='ocr_line' id='line_1_74' title="bbox 199 4107 1796 4181; baseline -0.006 -17"><span class='ocrx_word' id='word_1_478' title='bbox 199 4107 363 4178; x_wconf 80' lang='grc' dir='ltr'>αὐτῷ</span> <span class='ocrx_word' id='word_1_479' title='bbox 395 4108 601 4172; x_wconf 79' lang='grc' dir='ltr'>πείσεις</span> <span class='ocrx_word' id='word_1_480' title='bbox 641 4107 809 4179; x_wconf 75' lang='grc' dir='ltr'>ὑπὲρ·</span> <span class='ocrx_word' id='word_1_481' title='bbox 841 4107 998 4179; x_wconf 79' lang='grc' dir='ltr'>ἡμῶν</span> <span class='ocrx_word' id='word_1_482' title='bbox 1032 4125 1092 4162; x_wconf 78' lang='grc' dir='ltr'><strong>τε</strong></span> <span class='ocrx_word' id='word_1_483' title='bbox 1133 4110 1229 4162; x_wconf 81' lang='grc' dir='ltr'>καὶ</span> <span class='ocrx_word' id='word_1_484' title='bbox 1268 4108 1535 4181; x_wconf 80' lang='grc' dir='ltr'>τάληθοῦς</span> <span class='ocrx_word' id='word_1_485' title='bbox 1565 4111 1796 4181; x_wconf 69' lang='grc' dir='ltr'><strong>φθέγξαι-</strong></span> 
     </span>
    </p>
   </div>
   <div class='ocr_carea' id='block_1_74' title="bbox 201 4198 1796 4269">
    <p class='ocr_par' dir='ltr' id='par_1_74' title="bbox 201 4198 1796 4269">
     <span class='ocr_line' id='line_1_75' title="bbox 201 4198 1796 4269; baseline 0.001 -15"><span class='ocrx_word' id='word_1_486' title='bbox 201 4199 361 4264; x_wconf 81' lang='grc' dir='ltr'>σθαι,</span> <span class='ocrx_word' id='word_1_487' title='bbox 385 4198 543 4253; x_wconf 85' lang='grc' dir='ltr'>τοῦτο</span> <span class='ocrx_word' id='word_1_488' title='bbox 586 4199 679 4252; x_wconf 85' lang='grc' dir='ltr'><strong>σδν</strong></span> <span class='ocrx_word' id='word_1_489' title='bbox 713 4199 866 4252; x_wconf 75' lang='grc' dir='ltr'>ἔσται</span> <span class='ocrx_word' id='word_1_490' title='bbox 911 4198 1150 4264; x_wconf 84' lang='grc' dir='ltr'>πάντως,</span> <span class='ocrx_word' id='word_1_491' title='bbox 1194 4201 1287 4254; x_wconf 72' lang='grc' dir='ltr'><strong>καὶ</strong></span> <span class='ocrx_word' id='word_1_492' title='bbox 1330 4202 1395 4255; x_wconf 80' lang='grc' dir='ltr'><strong>σὺ</strong></span> <span class='ocrx_word' id='word_1_493' title='bbox 1440 4203 1620 4256; x_wconf 78' lang='grc' dir='ltr'>αἰτίαν</span> <span class='ocrx_word' id='word_1_494' title='bbox 1655 4203 1796 4269; x_wconf 70' lang='grc' dir='ltr'>ἔξεις</span> 
     </span>
    </p>
   </div>
   <div class='ocr_carea' id='block_1_75' title="bbox 196 4286 1792 4365">
    <p class='ocr_par' dir='ltr' id='par_1_75' title="bbox 196 4286 1792 4365">
     <span class='ocr_line' id='line_1_76' title="bbox 196 4286 1792 4365; baseline 0.001 -19"><span class='ocrx_word' id='word_1_495' title='bbox 196 4290 309 4346; x_wconf 82' lang='grc' dir='ltr'><strong>τοῦ</strong></span> <span class='ocrx_word' id='word_1_496' title='bbox 332 4290 643 4362; x_wconf 71' lang='grc' dir='ltr'>γενομένου.</span> <span class='ocrx_word' id='word_1_497' title='bbox 667 4290 744 4344; x_wconf 77' lang='grc' dir='ltr'><strong>Δι’</strong></span> <span class='ocrx_word' id='word_1_498' title='bbox 773 4290 892 4353; x_wconf 78' lang='grc' dir='ltr'>ἐνὸς</span> <span class='ocrx_word' id='word_1_499' title='bbox 917 4286 1010 4344; x_wconf 82' lang='grc' dir='ltr'><strong>οῦν</strong></span> <span class='ocrx_word' id='word_1_500' title='bbox 1032 4290 1221 4362; x_wconf 87' lang='grc' dir='ltr'>ἀνδρός</span> <span class='ocrx_word' id='word_1_501' title='bbox 1238 4308 1298 4344; x_wconf 89' lang='grc' dir='ltr'><strong>τε</strong></span> <span class='ocrx_word' id='word_1_502' title='bbox 1327 4292 1420 4346; x_wconf 79' lang='grc' dir='ltr'><strong>καὶ</strong></span> <span class='ocrx_word' id='word_1_503' title='bbox 1451 4293 1792 4365; x_wconf 79' lang='grc' dir='ltr'>πράγματος,</span> 
     </span>
    </p>
   </div>
   <div class='ocr_carea' id='block_1_76' title="bbox 197 4382 1794 4459">
    <p class='ocr_par' dir='ltr' id='par_1_76' title="bbox 197 4382 1794 4459">
     <span class='ocr_line' id='line_1_77' title="bbox 197 4382 1794 4459; baseline 0.002 -21"><span class='ocrx_word' id='word_1_504' title='bbox 197 4384 432 4453; x_wconf 76' lang='grc' dir='ltr'>δέομαι,</span> <span class='ocrx_word' id='word_1_505' title='bbox 464 4382 841 4455; x_wconf 83' lang='grc' dir='ltr'>προθυμήθητι</span> <span class='ocrx_word' id='word_1_506' title='bbox 866 4384 974 4437; x_wconf 85' lang='grc' dir='ltr'>τῶν</span> <span class='ocrx_word' id='word_1_507' title='bbox 1016 4385 1391 4456; x_wconf 86' lang='grc' dir='ltr'>παμπονήρων</span> <span class='ocrx_word' id='word_1_508' title='bbox 1414 4385 1615 4441; x_wconf 87' lang='grc' dir='ltr'>τούτων</span> <span class='ocrx_word' id='word_1_509' title='bbox 1644 4389 1794 4459; x_wconf 76' lang='grc' dir='ltr'>ἡμᾶς</span> 
     </span>
    </p>
   </div>
   <div class='ocr_carea' id='block_1_77' title="bbox 194 4475 1792 4551">
    <p class='ocr_par' dir='ltr' id='par_1_77' title="bbox 194 4475 1792 4551">
     <span class='ocr_line' id='line_1_78' title="bbox 194 4475 1792 4551; baseline 0.001 -20"><span class='ocrx_word' id='word_1_510' title='bbox 194 4475 517 4540; x_wconf 74' lang='grc' dir='ltr'>ἀπαλλάξαι</span> <span class='ocrx_word' id='word_1_511' title='bbox 546 4475 770 4546; x_wconf 83' lang='grc' dir='ltr'>θηρίων.</span> <span class='ocrx_word' id='word_1_512' title='bbox 805 4476 878 4530; x_wconf 84' lang='grc' dir='ltr'><strong>Τὸ</strong></span> <span class='ocrx_word' id='word_1_513' title='bbox 922 4476 1033 4548; x_wconf 82' lang='grc' dir='ltr'>γὰρ</span> <span class='ocrx_word' id='word_1_514' title='bbox 1074 4477 1433 4549; x_wconf 73' lang='grc' dir='ltr'>εὐωχηθῆναι</span> <span class='ocrx_word' id='word_1_515' title='bbox 1462 4478 1563 4549; x_wconf 78' lang='grc' dir='ltr'><strong>τὴν</strong></span> <span class='ocrx_word' id='word_1_516' title='bbox 1599 4481 1792 4551; x_wconf 83' lang='grc' dir='ltr'>πεῖραν</span> 
     </span>
    </p>
   </div>
   <div class='ocr_carea' id='block_1_78' title="bbox 190 4565 1791 4640">
    <p class='ocr_par' dir='ltr' id='par_1_78' title="bbox 190 4565 1791 4640">
     <span class='ocr_line' id='line_1_79' title="bbox 190 4565 1791 4640; baseline 0.001 -17"><span class='ocrx_word' id='word_1_517' title='bbox 190 4568 325 4628; x_wconf 78' lang='grc' dir='ltr'>τοῖς</span> <span class='ocrx_word' id='word_1_518' title='bbox 357 4565 614 4636; x_wconf 80' lang='grc' dir='ltr'>φθάσασι,</span> <span class='ocrx_word' id='word_1_519' title='bbox 646 4565 871 4630; x_wconf 74' lang='grc' dir='ltr'>πολλοὺς</span> <span class='ocrx_word' id='word_1_520' title='bbox 896 4567 1115 4637; x_wconf 79' lang='grc' dir='ltr'>ὁμοίους</span> <span class='ocrx_word' id='word_1_521' title='bbox 1138 4567 1387 4637; x_wconf 82' lang='grc' dir='ltr'>γενέσθαι</span> <span class='ocrx_word' id='word_1_522' title='bbox 1410 4568 1791 4640; x_wconf 69' lang='grc' dir='ltr'>προτρέψεται.</span> 
     </span>
    </p>
   </div>
   <div class='ocr_carea' id='block_1_79' title="bbox 1890 3478 3471 3556">
    <p class='ocr_par' dir='ltr' id='par_1_79' title="bbox 1890 3478 3471 3556">
     <span class='ocr_line' id='line_1_80' title="bbox 1890 3478 3471 3556; baseline -0.005 -15"><span class='ocrx_word' id='word_1_523' title='bbox 1890 3487 1981 3543; x_wconf 89' lang='lat' dir='ltr'><strong>cui</strong></span> <span class='ocrx_word' id='word_1_524' title='bbox 2017 3488 2162 3545; x_wconf 84' lang='lat' dir='ltr'><strong>alius</strong></span> <span class='ocrx_word' id='word_1_525' title='bbox 2189 3485 2429 3541; x_wconf 81' lang='lat' dir='ltr'><strong>fortasse</strong></span> <span class='ocrx_word' id='word_1_526' title='bbox 2459 3482 2733 3556; x_wconf 80' lang='lat' dir='ltr'><strong>quispiam</strong></span> <span class='ocrx_word' id='word_1_527' title='bbox 2772 3482 2860 3537; x_wconf 84' lang='lat' dir='ltr'><strong>vel</strong></span> <span class='ocrx_word' id='word_1_528' title='bbox 2893 3481 2965 3537; x_wconf 92' lang='lat' dir='ltr'><strong>ob</strong></span> <span class='ocrx_word' id='word_1_529' title='bbox 2990 3478 3264 3536; x_wconf 78' lang='lat' dir='ltr'><strong>fortunam</strong></span> <span class='ocrx_word' id='word_1_530' title='bbox 3292 3478 3471 3534; x_wconf 82' lang='lat' dir='ltr'><strong>hono-</strong></span> 
     </span>
    </p>
   </div>
   <div class='ocr_carea' id='block_1_80' title="bbox 1893 3569 3470 3639">
    <p class='ocr_par' dir='ltr' id='par_1_80' title="bbox 1893 3569 3470 3639">
     <span class='ocr_line' id='line_1_81' title="bbox 1893 3569 3470 3639; baseline -0.006 -9"><span class='ocrx_word' id='word_1_531' title='bbox 1893 3590 2007 3631; x_wconf 84' lang='lat' dir='ltr'><strong>rem</strong></span> <span class='ocrx_word' id='word_1_532' title='bbox 2045 3576 2256 3629; x_wconf 79' lang='lat' dir='ltr'><strong>tribuet</strong></span> <span class='ocrx_word' id='word_1_533' title='bbox 2296 3591 2315 3628; x_wconf 84' lang='lat'><strong>:</strong></span> <span class='ocrx_word' id='word_1_534' title='bbox 2352 3588 2419 3628; x_wconf 77' lang='lat' dir='ltr'><strong>ex</strong></span> <span class='ocrx_word' id='word_1_535' title='bbox 2454 3572 2520 3627; x_wconf 88' lang='lat' dir='ltr'><strong>iis</strong></span> <span class='ocrx_word' id='word_1_536' title='bbox 2548 3572 2696 3627; x_wconf 88' lang='lat' dir='ltr'><strong>enim</strong></span> <span class='ocrx_word' id='word_1_537' title='bbox 2747 3578 2833 3628; x_wconf 85' lang='lat' dir='ltr'><strong>est</strong></span> <span class='ocrx_word' id='word_1_538' title='bbox 2879 3569 2973 3639; x_wconf 82' lang='lat' dir='ltr'><strong>qui</strong></span> <span class='ocrx_word' id='word_1_539' title='bbox 3018 3584 3137 3627; x_wconf 85' lang='lat' dir='ltr'><strong>non</strong></span> <span class='ocrx_word' id='word_1_540' title='bbox 3166 3569 3470 3624; x_wconf 84' lang='lat' dir='ltr'><strong>obscurum</strong></span> 
     </span>
    </p>
   </div>
   <div class='ocr_carea' id='block_1_81' title="bbox 1892 3659 3469 3736">
    <p class='ocr_par' dir='ltr' id='par_1_81' title="bbox 1892 3659 3469 3736">
     <span class='ocr_line' id='line_1_82' title="bbox 1892 3659 3469 3736; baseline -0.004 -14"><span class='ocrx_word' id='word_1_541' title='bbox 1892 3666 2274 3736; x_wconf 86' lang='lat' dir='ltr'><strong>magistratum</strong></span> <span class='ocrx_word' id='word_1_542' title='bbox 2326 3669 2637 3735; x_wconf 79' lang='lat' dir='ltr'><strong>gesserunt.</strong></span> <span class='ocrx_word' id='word_1_543' title='bbox 2695 3661 2768 3715; x_wconf 86' lang='lat' dir='ltr'><strong>At</strong></span> <span class='ocrx_word' id='word_1_544' title='bbox 2822 3661 3183 3732; x_wconf 76' lang='lat' dir='ltr'><strong>philosOphus</strong></span> <span class='ocrx_word' id='word_1_545' title='bbox 3248 3659 3469 3716; x_wconf 83' lang='lat' dir='ltr'><strong>Troilus</strong></span> 
     </span>
    </p>
   </div>
   <div class='ocr_carea' id='block_1_82' title="bbox 1893 3755 3468 3824">
    <p class='ocr_par' dir='ltr' id='par_1_82' title="bbox 1893 3755 3468 3824">
     <span class='ocr_line' id='line_1_83' title="bbox 1893 3755 3468 3824; baseline -0.003 -13"><span class='ocrx_word' id='word_1_546' title='bbox 1893 3757 2120 3811; x_wconf 85' lang='lat' dir='ltr'><strong>intimos</strong></span> <span class='ocrx_word' id='word_1_547' title='bbox 2151 3755 2517 3811; x_wconf 87' lang='lat' dir='ltr'><strong>adolescentis</strong></span> <span class='ocrx_word' id='word_1_548' title='bbox 2562 3769 2821 3810; x_wconf 81' lang='lat' dir='ltr'><strong>recessus</strong></span> <span class='ocrx_word' id='word_1_549' title='bbox 2868 3755 3213 3824; x_wconf 83' lang='lat' dir='ltr'><strong>penetrabit,</strong></span> <span class='ocrx_word' id='word_1_550' title='bbox 3253 3760 3308 3809; x_wconf 86' lang='lat' dir='ltr'><strong>et</strong></span> <span class='ocrx_word' id='word_1_551' title='bbox 3341 3769 3468 3811; x_wconf 84' lang='lat' dir='ltr'><strong>eum</strong></span> 
     </span>
    </p>
   </div>
   <div class='ocr_carea' id='block_1_83' title="bbox 1893 3844 3470 3916">
    <p class='ocr_par' dir='ltr' id='par_1_83' title="bbox 1893 3844 3470 3916">
     <span class='ocr_line' id='line_1_84' title="bbox 1893 3844 3470 3916; baseline -0.001 -16"><span class='ocrx_word' id='word_1_552' title='bbox 1893 3846 2024 3901; x_wconf 89' lang='lat' dir='ltr'><strong>inde</strong></span> <span class='ocrx_word' id='word_1_553' title='bbox 2072 3844 2341 3901; x_wconf 86' lang='lat' dir='ltr'><strong>laudabit.</strong></span> <span class='ocrx_word' id='word_1_554' title='bbox 2395 3845 2756 3916; x_wconf 82' lang='lat' dir='ltr'><strong>Perspicuum</strong></span> <span class='ocrx_word' id='word_1_555' title='bbox 2806 3852 2989 3899; x_wconf 79' lang='lat' dir='ltr'><strong>autem</strong></span> <span class='ocrx_word' id='word_1_556' title='bbox 3039 3852 3127 3899; x_wconf 88' lang='lat' dir='ltr'><strong>est</strong></span> <span class='ocrx_word' id='word_1_557' title='bbox 3183 3852 3235 3899; x_wconf 85' lang='lat' dir='ltr'><strong>te</strong></span> <span class='ocrx_word' id='word_1_558' title='bbox 3295 3844 3372 3899; x_wconf 90' lang='lat' dir='ltr'><strong>illi</strong></span> <span class='ocrx_word' id='word_1_559' title='bbox 3412 3845 3470 3899; x_wconf 88' lang='lat' dir='ltr'><strong>in</strong></span> 
     </span>
    </p>
   </div>
   <div class='ocr_carea' id='block_1_84' title="bbox 1892 3935 3472 4007">
    <p class='ocr_par' dir='ltr' id='par_1_84' title="bbox 1892 3935 3472 4007">
     <span class='ocr_line' id='line_1_85' title="bbox 1892 3935 3472 4007; baseline 0.001 -17"><span class='ocrx_word' id='word_1_560' title='bbox 1892 3938 2149 4007; x_wconf 65' lang='lat' dir='ltr'><strong>praesenti</strong></span> <span class='ocrx_word' id='word_1_561' title='bbox 2207 3938 2542 3993; x_wconf 85' lang='lat' dir='ltr'><strong>necessitate</strong></span> <span class='ocrx_word' id='word_1_562' title='bbox 2593 3937 2801 3993; x_wconf 81' lang='lat' dir='ltr'><strong>auxilio</strong></span> <span class='ocrx_word' id='word_1_563' title='bbox 2858 3936 3126 3991; x_wconf 70' lang='lat' dir='ltr'><strong>futurum.</strong></span> <span class='ocrx_word' id='word_1_564' title='bbox 3170 3935 3472 3991; x_wconf 84' lang='lat' dir='ltr'><strong>Laceratur</strong></span> 
     </span>
    </p>
   </div>
   <div class='ocr_carea' id='block_1_85' title="bbox 1892 4026 3471 4098">
    <p class='ocr_par' dir='ltr' id='par_1_85' title="bbox 1892 4026 3471 4098">
     <span class='ocr_line' id='line_1_86' title="bbox 1892 4026 3471 4098; baseline -0.003 -16"><span class='ocrx_word' id='word_1_565' title='bbox 1892 4028 2040 4082; x_wconf 89' lang='lat' dir='ltr'><strong>enim</strong></span> <span class='ocrx_word' id='word_1_566' title='bbox 2083 4042 2114 4081; x_wconf 90' lang='lat' dir='ltr'><strong>a</strong></span> <span class='ocrx_word' id='word_1_567' title='bbox 2155 4026 2492 4083; x_wconf 86' lang='lat' dir='ltr'><strong>delatoribus</strong></span> <span class='ocrx_word' id='word_1_568' title='bbox 2529 4027 2584 4082; x_wconf 91' lang='lat' dir='ltr'><strong>in</strong></span> <span class='ocrx_word' id='word_1_569' title='bbox 2626 4028 2877 4098; x_wconf 87' lang='lat' dir='ltr'><strong>Cyrenen</strong></span> <span class='ocrx_word' id='word_1_570' title='bbox 2910 4027 3295 4096; x_wconf 81' lang='lat' dir='ltr'><strong>grassantibus</strong></span> <span class='ocrx_word' id='word_1_571' title='bbox 3317 4065 3334 4093; x_wconf 92' lang='lat'><strong>,</strong></span> <span class='ocrx_word' id='word_1_572' title='bbox 3363 4026 3471 4087; x_wconf 71' lang='lat' dir='ltr'><strong>nisi</strong></span> 
     </span>
    </p>
   </div>
   <div class='ocr_carea' id='block_1_86' title="bbox 1892 4115 3473 4188">
    <p class='ocr_par' dir='ltr' id='par_1_86' title="bbox 1892 4115 3473 4188">
     <span class='ocr_line' id='line_1_87' title="bbox 1892 4115 3473 4188; baseline -0.003 -15"><span class='ocrx_word' id='word_1_573' title='bbox 1892 4119 2025 4175; x_wconf 79' lang='lat' dir='ltr'><strong>vires</strong></span> <span class='ocrx_word' id='word_1_574' title='bbox 2079 4117 2257 4171; x_wconf 80' lang='lat' dir='ltr'><strong>induis</strong></span> <span class='ocrx_word' id='word_1_575' title='bbox 2306 4119 2436 4188; x_wconf 82' lang='lat' dir='ltr'><strong>ipse.</strong></span> <span class='ocrx_word' id='word_1_576' title='bbox 2478 4117 2759 4187; x_wconf 83' lang='lat' dir='ltr'><strong>Quidquid</strong></span> <span class='ocrx_word' id='word_1_577' title='bbox 2802 4117 2949 4172; x_wconf 90' lang='lat' dir='ltr'><strong>enim</strong></span> <span class='ocrx_word' id='word_1_578' title='bbox 2998 4116 3334 4181; x_wconf 83' lang='lat' dir='ltr'><strong>Anthemio,</strong></span> <span class='ocrx_word' id='word_1_579' title='bbox 3386 4115 3473 4171; x_wconf 86' lang='lat' dir='ltr'><strong>vel</strong></span> 
     </span>
    </p>
   </div>
   <div class='ocr_carea' id='block_1_87' title="bbox 1892 4206 3473 4279">
    <p class='ocr_par' dir='ltr' id='par_1_87' title="bbox 1892 4206 3473 4279">
     <span class='ocr_line' id='line_1_88' title="bbox 1892 4206 3473 4279; baseline -0.003 -16"><span class='ocrx_word' id='word_1_580' title='bbox 1892 4210 2050 4265; x_wconf 77' lang='lat' dir='ltr'><strong>alteri</strong></span> <span class='ocrx_word' id='word_1_581' title='bbox 2088 4210 2318 4265; x_wconf 87' lang='lat' dir='ltr'><strong>cuilibet</strong></span> <span class='ocrx_word' id='word_1_582' title='bbox 2349 4209 2468 4279; x_wconf 88' lang='lat' dir='ltr'><strong>pari</strong></span> <span class='ocrx_word' id='word_1_583' title='bbox 2503 4209 2834 4265; x_wconf 85' lang='lat' dir='ltr'><strong>auctoritate</strong></span> <span class='ocrx_word' id='word_1_584' title='bbox 2863 4222 2963 4278; x_wconf 87' lang='lat' dir='ltr'><strong>pro</strong></span> <span class='ocrx_word' id='word_1_585' title='bbox 2999 4207 3158 4263; x_wconf 86' lang='lat' dir='ltr'><strong>nobis</strong></span> <span class='ocrx_word' id='word_1_586' title='bbox 3181 4245 3197 4271; x_wconf 86' lang='lat'><strong>,</strong></span> <span class='ocrx_word' id='word_1_587' title='bbox 3229 4222 3296 4262; x_wconf 86' lang='lat' dir='ltr'><strong>ac</strong></span> <span class='ocrx_word' id='word_1_588' title='bbox 3322 4206 3473 4261; x_wconf 86' lang='lat' dir='ltr'><strong>veri-</strong></span> 
     </span>
    </p>
   </div>
   <div class='ocr_carea' id='block_1_88' title="bbox 1892 4296 3472 4371">
    <p class='ocr_par' dir='ltr' id='par_1_88' title="bbox 1892 4296 3472 4371">
     <span class='ocr_line' id='line_1_89' title="bbox 1892 4296 3472 4371; baseline -0.001 -16"><span class='ocrx_word' id='word_1_589' title='bbox 1892 4309 2003 4356; x_wconf 88' lang='lat' dir='ltr'><strong>tate</strong></span> <span class='ocrx_word' id='word_1_590' title='bbox 2033 4302 2179 4371; x_wconf 88' lang='lat' dir='ltr'><strong>loqui</strong></span> <span class='ocrx_word' id='word_1_591' title='bbox 2211 4300 2556 4371; x_wconf 86' lang='lat' dir='ltr'><strong>persuaseris</strong></span> <span class='ocrx_word' id='word_1_592' title='bbox 2581 4318 2597 4367; x_wconf 89' lang='lat'><strong>;</strong></span> <span class='ocrx_word' id='word_1_593' title='bbox 2630 4308 2784 4355; x_wconf 90' lang='lat' dir='ltr'><strong>tuum</strong></span> <span class='ocrx_word' id='word_1_594' title='bbox 2808 4300 2914 4354; x_wconf 83' lang='lat' dir='ltr'><strong>hoc</strong></span> <span class='ocrx_word' id='word_1_595' title='bbox 2938 4298 3128 4369; x_wconf 81' lang='lat' dir='ltr'><strong>utique</strong></span> <span class='ocrx_word' id='word_1_596' title='bbox 3157 4296 3288 4361; x_wconf 85' lang='lat' dir='ltr'><strong>erit,</strong></span> <span class='ocrx_word' id='word_1_597' title='bbox 3318 4296 3472 4366; x_wconf 73' lang='lat' dir='ltr'><strong>ejus-</strong></span> 
     </span>
    </p>
   </div>
   <div class='ocr_carea' id='block_1_89' title="bbox 1889 4390 3471 4465">
    <p class='ocr_par' dir='ltr' id='par_1_89' title="bbox 1889 4390 3471 4465">
     <span class='ocr_line' id='line_1_90' title="bbox 1889 4390 3471 4465; baseline -0.004 -13"><span class='ocrx_word' id='word_1_598' title='bbox 1889 4409 2027 4463; x_wconf 84' lang='lat' dir='ltr'><strong>que,</strong></span> <span class='ocrx_word' id='word_1_599' title='bbox 2076 4394 2347 4465; x_wconf 84' lang='lat' dir='ltr'><strong>quidquid</strong></span> <span class='ocrx_word' id='word_1_600' title='bbox 2393 4394 2599 4450; x_wconf 78' lang='lat' dir='ltr'><strong>factum</strong></span> <span class='ocrx_word' id='word_1_601' title='bbox 2632 4393 2779 4458; x_wconf 79' lang='lat' dir='ltr'><strong>erit.</strong></span> <span class='ocrx_word' id='word_1_602' title='bbox 2812 4407 2985 4448; x_wconf 82' lang='lat' dir='ltr'><strong>causa</strong></span> <span class='ocrx_word' id='word_1_603' title='bbox 3031 4406 3153 4447; x_wconf 82' lang='lat' dir='ltr'><strong>esse</strong></span> <span class='ocrx_word' id='word_1_604' title='bbox 3181 4390 3471 4458; x_wconf 68' lang='lat' dir='ltr'><strong>putabere.</strong></span> 
     </span>
    </p>
   </div>
   <div class='ocr_carea' id='block_1_90' title="bbox 1896 4482 3469 4557">
    <p class='ocr_par' dir='ltr' id='par_1_90' title="bbox 1896 4482 3469 4557">
     <span class='ocr_line' id='line_1_91' title="bbox 1896 4482 3469 4557; baseline -0.002 -18"><span class='ocrx_word' id='word_1_605' title='bbox 1896 4482 1999 4540; x_wconf 88' lang='lat' dir='ltr'><strong>Per</strong></span> <span class='ocrx_word' id='word_1_606' title='bbox 2025 4502 2195 4541; x_wconf 90' lang='lat' dir='ltr'><strong>unum</strong></span> <span class='ocrx_word' id='word_1_607' title='bbox 2241 4487 2429 4557; x_wconf 87' lang='lat' dir='ltr'><strong>itaque</strong></span> <span class='ocrx_word' id='word_1_608' title='bbox 2478 4485 2754 4542; x_wconf 88' lang='lat' dir='ltr'><strong>hominem</strong></span> <span class='ocrx_word' id='word_1_609' title='bbox 2782 4522 2799 4549; x_wconf 93' lang='lat'><strong>,</strong></span> <span class='ocrx_word' id='word_1_610' title='bbox 2848 4498 3127 4554; x_wconf 84' lang='lat' dir='ltr'><strong>unumque</strong></span> <span class='ocrx_word' id='word_1_611' title='bbox 3168 4482 3469 4553; x_wconf 78' lang='lat' dir='ltr'><strong>negotium.</strong></span> 
     </span>
    </p>
   </div>
   <div class='ocr_carea' id='block_1_91' title="bbox 1894 4572 3474 4647">
    <p class='ocr_par' dir='ltr' id='par_1_91' title="bbox 1894 4572 3474 4647">
     <span class='ocr_line' id='line_1_92' title="bbox 1894 4572 3474 4647; baseline -0.003 -15"><span class='ocrx_word' id='word_1_612' title='bbox 1894 4592 2092 4647; x_wconf 74' lang='lat' dir='ltr'><strong>quaeso</strong></span> <span class='ocrx_word' id='word_1_613' title='bbox 2123 4586 2197 4640; x_wconf 74' lang='lat' dir='ltr'><strong>te,</strong></span> <span class='ocrx_word' id='word_1_614' title='bbox 2226 4578 2296 4631; x_wconf 86' lang='lat' dir='ltr'><strong>da</strong></span> <span class='ocrx_word' id='word_1_615' title='bbox 2331 4591 2557 4647; x_wconf 85' lang='lat' dir='ltr'><strong>operam</strong></span> <span class='ocrx_word' id='word_1_616' title='bbox 2588 4585 2649 4631; x_wconf 91' lang='lat' dir='ltr'><strong>ut</strong></span> <span class='ocrx_word' id='word_1_617' title='bbox 2678 4592 2708 4630; x_wconf 92' lang='lat' dir='ltr'><strong>a</strong></span> <span class='ocrx_word' id='word_1_618' title='bbox 2734 4574 3096 4647; x_wconf 77' lang='lat' dir='ltr'><strong>aequissimis</strong></span> <span class='ocrx_word' id='word_1_619' title='bbox 3122 4574 3250 4629; x_wconf 83' lang='lat' dir='ltr'><strong>istis</strong></span> <span class='ocrx_word' id='word_1_620' title='bbox 3275 4572 3474 4629; x_wconf 86' lang='lat' dir='ltr'><strong>belluis</strong></span> 
     </span>
    </p>
   </div>
   <div class='ocr_carea' id='block_1_92' title="bbox 194 4662 3473 4744">
    <p class='ocr_par' dir='ltr' id='par_1_92' title="bbox 194 4662 3473 4744">
     <span class='ocr_line' id='line_1_93' title="bbox 194 4662 3473 4744; baseline 0 -20"><span class='ocrx_word' id='word_1_621' title='bbox 194 4666 533 4725; x_wconf 83' lang='lat' dir='ltr'><strong>liberemur.</strong></span> <span class='ocrx_word' id='word_1_622' title='bbox 572 4662 689 4720; x_wconf 79' lang='lat' dir='ltr'><strong>Hoc</strong></span> <span class='ocrx_word' id='word_1_623' title='bbox 710 4664 866 4720; x_wconf 88' lang='lat' dir='ltr'><strong>enim</strong></span> <span class='ocrx_word' id='word_1_624' title='bbox 902 4664 1104 4735; x_wconf 89' lang='lat' dir='ltr'><strong>ipsum,</strong></span> <span class='ocrx_word' id='word_1_625' title='bbox 1129 4667 1278 4737; x_wconf 89' lang='lat' dir='ltr'><strong>quod</strong></span> <span class='ocrx_word' id='word_1_626' title='bbox 1334 4666 1404 4724; x_wconf 88' lang='lat' dir='ltr'><strong>iis</strong></span> <span class='ocrx_word' id='word_1_627' title='bbox 1440 4669 1534 4740; x_wconf 89' lang='lat' dir='ltr'><strong>qui</strong></span> <span class='ocrx_word' id='word_1_628' title='bbox 1590 4670 1897 4740; x_wconf 88' lang='lat' dir='ltr'><strong>periculum</strong></span> <span class='ocrx_word' id='word_1_629' title='bbox 1966 4676 2125 4741; x_wconf 84' lang='lat' dir='ltr'><strong>primi</strong></span> <span class='ocrx_word' id='word_1_630' title='bbox 2188 4674 2461 4740; x_wconf 81' lang='lat' dir='ltr'><strong>fecerint,</strong></span> <span class='ocrx_word' id='word_1_631' title='bbox 2516 4688 2775 4744; x_wconf 88' lang='lat' dir='ltr'><strong>prospere</strong></span> <span class='ocrx_word' id='word_1_632' title='bbox 2834 4671 3205 4739; x_wconf 80' lang='lat' dir='ltr'><strong>successerit.</strong></span> <span class='ocrx_word' id='word_1_633' title='bbox 3255 4669 3473 4741; x_wconf 82' lang='lat' dir='ltr'><strong>pleros-</strong></span> 
     </span>
    </p>
   </div>
   <div class='ocr_carea' id='block_1_93' title="bbox 193 4759 1455 4835">
    <p class='ocr_par' dir='ltr' id='par_1_93' title="bbox 193 4759 1455 4835">
     <span class='ocr_line' id='line_1_94' title="bbox 193 4759 1455 4835; baseline 0.002 -18"><span class='ocrx_word' id='word_1_634' title='bbox 193 4776 321 4835; x_wconf 78' lang='lat' dir='ltr'><strong>que</strong></span> <span class='ocrx_word' id='word_1_635' title='bbox 344 4768 418 4822; x_wconf 82' lang='lat' dir='ltr'><strong>ut</strong></span> <span class='ocrx_word' id='word_1_636' title='bbox 468 4759 679 4818; x_wconf 81' lang='lat' dir='ltr'><strong>similes</strong></span> <span class='ocrx_word' id='word_1_637' title='bbox 726 4775 855 4816; x_wconf 77' lang='lat' dir='ltr'><strong>esse</strong></span> <span class='ocrx_word' id='word_1_638' title='bbox 893 4761 1067 4824; x_wconf 80' lang='lat' dir='ltr'><strong>velint</strong></span> <span class='ocrx_word' id='word_1_639' title='bbox 1117 4760 1455 4820; x_wconf 78' lang='lat' dir='ltr'><strong>hortabitur.</strong></span> 
     </span>
    </p>
   </div>
   <div class='ocr_carea' id='block_1_94' title="bbox 740 4849 1263 4909">
    <p class='ocr_par' dir='ltr' id='par_1_94' title="bbox 740 4849 1263 4909">
     <span class='ocr_line' id='line_1_95' title="bbox 740 4849 1263 4909; baseline 0.01 -5"><span class='ocrx_word' id='word_1_640' title='bbox 740 4849 1087 4907; x_wconf 78' lang='grc' dir='ltr'><strong>ΕΠΙΣΤΟΛΗ</strong></span> <span class='ocrx_word' id='word_1_641' title='bbox 1117 4852 1263 4909; x_wconf 70' lang='grc' dir='ltr'><strong>ΡΙΘθ.</strong></span> 
     </span>
    </p>
   </div>
   <div class='ocr_carea' id='block_1_95' title="bbox 876 4944 1128 4999">
    <p class='ocr_par' dir='ltr' id='par_1_95' title="bbox 876 4944 1128 4999">
     <span class='ocr_line' id='line_1_96' title="bbox 876 4944 1128 4999; baseline 0.008 -2"><span class='ocrx_word' id='word_1_642' title='bbox 876 4944 1128 4999; x_wconf 57' lang='lat' dir='ltr'><strong>Tmoliten.</strong></span> 
     </span>
    </p>
   </div>
   <div class='ocr_carea' id='block_1_96' title="bbox 280 4960 1793 5109">
    <p class='ocr_par' dir='ltr' id='par_1_96' title="bbox 280 4960 1793 5109">
     <span class='ocr_line' id='line_1_97' title="bbox 876 4960 1128 4999; baseline 0.008 -2"><span class='ocrx_word' id='word_1_643' title='bbox 876 4960 905 4997; x_wconf 71' lang='grc' dir='ltr'><em>ι</em></span> <span class='ocrx_word' id='word_1_644' title='bbox 998 4960 1057 4997; x_wconf 69' lang='grc' dir='ltr'><strong>ιλ</strong></span> <span class='ocrx_word' id='word_1_645' title='bbox 1114 4984 1128 4999; x_wconf 94' lang='grc'><strong>.</strong></span> 
     </span>
     <span class='ocr_line' id='line_1_98' title="bbox 280 4960 1793 5109; baseline 0.005 -20"><span class='ocrx_word' id='word_1_646' title='bbox 280 5034 378 5098; x_wconf 68' lang='lat' dir='ltr'><strong>El;</strong></span> <span class='ocrx_word' id='word_1_647' title='bbox 403 5034 662 5105; x_wconf 66' lang='grc' dir='ltr'>Διογένην</span> <span class='ocrx_word' id='word_1_648' title='bbox 686 5033 716 5088; x_wconf 83' lang='grc' dir='ltr'><strong>ὃ</strong></span> <span class='ocrx_word' id='word_1_649' title='bbox 745 5051 800 5089; x_wconf 89' lang='grc' dir='ltr'>τι</span> <span class='ocrx_word' id='word_1_650' title='bbox 830 4960 1185 5108; x_wconf 52' lang='grc' dir='ltr'>ἃνρὲοιήΐῃς,</span> <span class='ocrx_word' id='word_1_651' title='bbox 1239 5030 1316 5093; x_wconf 81' lang='grc' dir='ltr'>ὧν</span> <span class='ocrx_word' id='word_1_652' title='bbox 1344 5054 1428 5095; x_wconf 80' lang='grc' dir='ltr'><strong>σοι</strong></span> <span class='ocrx_word' id='word_1_653' title='bbox 1453 5037 1616 5109; x_wconf 72' lang='grc' dir='ltr'>φύσις</span> <span class='ocrx_word' id='word_1_654' title='bbox 1644 5041 1793 5096; x_wconf 74' lang='grc' dir='ltr'>ἐστὶν</span> 
     </span>
    </p>
   </div>
   <div class='ocr_carea' id='block_1_97' title="bbox 176 5124 1791 5200">
    <p class='ocr_par' dir='ltr' id='par_1_97' title="bbox 176 5124 1791 5200">
     <span class='ocr_line' id='line_1_99' title="bbox 176 5124 1791 5200; baseline 0.006 -23"><span class='ocrx_word' id='word_1_655' title='bbox 176 5124 560 5200; x_wconf 51' lang='grc' dir='ltr'>ἐργάζεσθαι,</span> <span class='ocrx_word' id='word_1_656' title='bbox 577 5125 729 5180; x_wconf 82' lang='grc' dir='ltr'>οὐδὲν</span> <span class='ocrx_word' id='word_1_657' title='bbox 747 5125 937 5197; x_wconf 79' lang='grc' dir='ltr'>καιρὸν</span> <span class='ocrx_word' id='word_1_658' title='bbox 957 5126 1053 5198; x_wconf 79' lang='grc' dir='ltr'>ἔσῃ</span> <span class='ocrx_word' id='word_1_659' title='bbox 1076 5127 1410 5199; x_wconf 74' lang='grc' dir='ltr'>πεποιηκὼς,</span> <span class='ocrx_word' id='word_1_660' title='bbox 1432 5129 1547 5183; x_wconf 81' lang='grc' dir='ltr'>ἀλλ’</span> <span class='ocrx_word' id='word_1_661' title='bbox 1574 5131 1791 5186; x_wconf 62' lang='grc' dir='ltr'>ἔποικο-</span> 
     </span>
    </p>
   </div>
   <div class='ocr_carea' id='block_1_98' title="bbox 187 5214 1793 5290">
    <p class='ocr_par' dir='ltr' id='par_1_98' title="bbox 187 5214 1793 5290">
     <span class='ocr_line' id='line_1_100' title="bbox 187 5214 1793 5290; baseline 0.001 -17"><span class='ocrx_word' id='word_1_662' title='bbox 187 5214 390 5286; x_wconf 72' lang='grc' dir='ltr'>δομιῖιν</span> <span class='ocrx_word' id='word_1_663' title='bbox 436 5218 548 5280; x_wconf 82' lang='grc' dir='ltr'>τοῖς</span> <span class='ocrx_word' id='word_1_664' title='bbox 598 5215 815 5269; x_wconf 84' lang='grc' dir='ltr'>σαυτοῦ.</span> <span class='ocrx_word' id='word_1_665' title='bbox 870 5217 1177 5287; x_wconf 81' lang='grc' dir='ltr'>Κυρηναῖος</span> <span class='ocrx_word' id='word_1_666' title='bbox 1236 5217 1344 5289; x_wconf 77' lang='grc' dir='ltr'>γάρ</span> <span class='ocrx_word' id='word_1_667' title='bbox 1394 5218 1511 5271; x_wconf 77' lang='grc' dir='ltr'>ἐστι</span> <span class='ocrx_word' id='word_1_668' title='bbox 1530 5258 1545 5284; x_wconf 94' lang='grc'><strong>,</strong></span> <span class='ocrx_word' id='word_1_669' title='bbox 1590 5222 1690 5290; x_wconf 80' lang='grc' dir='ltr'>τῆς</span> <span class='ocrx_word' id='word_1_670' title='bbox 1725 5220 1793 5274; x_wconf 84' lang='grc' dir='ltr'>δι’</span> 
     </span>
    </p>
   </div>
   <div class='ocr_carea' id='block_1_99' title="bbox 1821 4860 1869 4920">
    <p class='ocr_par' dir='ltr' id='par_1_99' title="bbox 1821 4860 1869 4920">
     <span class='ocr_line' id='line_1_101' title="bbox 1821 4860 1869 4920; baseline 0 0"><span class='ocrx_word' id='word_1_671' title='bbox 1821 4860 1869 4920; x_wconf 84' lang='grc'><strong>1)</strong></span> 
     </span>
    </p>
   </div>
   <div class='ocr_carea' id='block_1_100' title="bbox 2406 4849 2957 4909">
    <p class='ocr_par' dir='ltr' id='par_1_100' title="bbox 2406 4849 2957 4909">
     <span class='ocr_line' id='line_1_102' title="bbox 2406 4849 2957 4909; baseline -0.004 0"><span class='ocrx_word' id='word_1_672' title='bbox 2406 4850 2747 4909; x_wconf 79' lang='lat' dir='ltr'><strong>EPISTOLA</strong></span> <span class='ocrx_word' id='word_1_673' title='bbox 2770 4849 2957 4907; x_wconf 78' lang='lat' dir='ltr'><strong>CXIX.</strong></span> 
     </span>
    </p>
   </div>
   <div class='ocr_carea' id='block_1_101' title="bbox 2576 4940 3451 4998">
    <p class='ocr_par' dir='ltr' id='par_1_101' title="bbox 2576 4940 3451 4998">
     <span class='ocr_line' id='line_1_103' title="bbox 2576 4940 3451 4998; baseline 0.001 -2"><span class='ocrx_word' id='word_1_674' title='bbox 2576 4940 2780 4998; x_wconf 77' lang='lat' dir='ltr'><strong>Troilo.</strong></span> <span class='ocrx_word' id='word_1_675' title='bbox 3448 4994 3451 4997; x_wconf 72' lang='lat'><strong>.</strong></span> 
     </span>
    </p>
   </div>
   <div class='ocr_carea' id='block_1_102' title="bbox 1960 5030 3471 5105">
    <p class='ocr_par' dir='ltr' id='par_1_102' title="bbox 1960 5030 3471 5105">
     <span class='ocr_line' id='line_1_104' title="bbox 1960 5030 3471 5105; baseline -0.001 -17"><span class='ocrx_word' id='word_1_676' title='bbox 1960 5032 2238 5105; x_wconf 85' lang='lat' dir='ltr'><strong>Quidquid</strong></span> <span class='ocrx_word' id='word_1_677' title='bbox 2270 5032 2327 5090; x_wconf 91' lang='lat' dir='ltr'><strong>in</strong></span> <span class='ocrx_word' id='word_1_678' title='bbox 2360 5032 2655 5105; x_wconf 79' lang='lat' dir='ltr'><strong>Diogenem</strong></span> <span class='ocrx_word' id='word_1_679' title='bbox 2684 5033 2989 5090; x_wconf 85' lang='lat' dir='ltr'><strong>contuleris</strong></span> <span class='ocrx_word' id='word_1_680' title='bbox 3011 5046 3200 5089; x_wconf 86' lang='lat' dir='ltr'><strong>eorum</strong></span> <span class='ocrx_word' id='word_1_681' title='bbox 3253 5030 3321 5086; x_wconf 86' lang='lat' dir='ltr'><strong>ad</strong></span> <span class='ocrx_word' id='word_1_682' title='bbox 3345 5044 3471 5102; x_wconf 73' lang='lat' dir='ltr'><strong>quae</strong></span> 
     </span>
    </p>
   </div>
   <div class='ocr_carea' id='block_1_103' title="bbox 1890 5121 3472 5197">
    <p class='ocr_par' dir='ltr' id='par_1_103' title="bbox 1890 5121 3472 5197">
     <span class='ocr_line' id='line_1_105' title="bbox 1890 5121 3472 5197; baseline -0.006 -14"><span class='ocrx_word' id='word_1_683' title='bbox 1890 5125 2204 5197; x_wconf 70' lang='lat' dir='ltr'><strong>praestanda</strong></span> <span class='ocrx_word' id='word_1_684' title='bbox 2240 5133 2437 5180; x_wconf 82' lang='lat' dir='ltr'><strong>natura</strong></span> <span class='ocrx_word' id='word_1_685' title='bbox 2476 5132 2832 5196; x_wconf 85' lang='lat' dir='ltr'><strong>comparatus</strong></span> <span class='ocrx_word' id='word_1_686' title='bbox 2864 5140 2948 5190; x_wconf 84' lang='lat' dir='ltr'><strong>es,</strong></span> <span class='ocrx_word' id='word_1_687' title='bbox 2980 5124 3116 5178; x_wconf 87' lang='lat' dir='ltr'><strong>nihil</strong></span> <span class='ocrx_word' id='word_1_688' title='bbox 3160 5123 3287 5178; x_wconf 85' lang='lat' dir='ltr'><strong>novi</strong></span> <span class='ocrx_word' id='word_1_689' title='bbox 3322 5121 3472 5177; x_wconf 40' lang='lat' dir='ltr'><strong>feces-</strong></span> 
     </span>
    </p>
   </div>
   <div class='ocr_carea' id='block_1_104' title="bbox 1893 5213 3471 5287">
    <p class='ocr_par' dir='ltr' id='par_1_104' title="bbox 1893 5213 3471 5287">
     <span class='ocr_line' id='line_1_106' title="bbox 1893 5213 3471 5287; baseline -0.004 -14"><span class='ocrx_word' id='word_1_690' title='bbox 1893 5219 1974 5274; x_wconf 90' lang='lat' dir='ltr'><strong>ris</strong></span> <span class='ocrx_word' id='word_1_691' title='bbox 1995 5257 2011 5284; x_wconf 85' lang='lat'><strong>,</strong></span> <span class='ocrx_word' id='word_1_692' title='bbox 2038 5218 2140 5275; x_wconf 84' lang='lat' dir='ltr'><strong>sed</strong></span> <span class='ocrx_word' id='word_1_693' title='bbox 2170 5217 2278 5273; x_wconf 89' lang='lat' dir='ltr'><strong>tuis</strong></span> <span class='ocrx_word' id='word_1_694' title='bbox 2308 5216 2517 5287; x_wconf 84' lang='lat' dir='ltr'><strong>aliquid</strong></span> <span class='ocrx_word' id='word_1_695' title='bbox 2554 5215 2768 5272; x_wconf 85' lang='lat' dir='ltr'><strong>meritis</strong></span> <span class='ocrx_word' id='word_1_696' title='bbox 2803 5214 3130 5271; x_wconf 76' lang='lat' dir='ltr'><strong>astruxeris.</strong></span> <span class='ocrx_word' id='word_1_697' title='bbox 3171 5213 3471 5285; x_wconf 57' lang='lat' dir='ltr'><strong>Cyrenaeus</strong></span> 
     </span>
    </p>
   </div>
   <div class='ocr_carea' id='block_1_105' title="bbox 186 5304 1794 5378">
    <p class='ocr_par' dir='ltr' id='par_1_105' title="bbox 186 5304 1794 5378">
     <span class='ocr_line' id='line_1_107' title="bbox 186 5304 1794 5378; baseline 0 -16"><span class='ocrx_word' id='word_1_698' title='bbox 186 5306 359 5376; x_wconf 78' lang='grc' dir='ltr'>ὑμᾶς</span> <span class='ocrx_word' id='word_1_699' title='bbox 387 5304 468 5359; x_wconf 73' lang='grc' dir='ltr'>ἔτι</span> <span class='ocrx_word' id='word_1_700' title='bbox 499 5305 723 5369; x_wconf 86' lang='grc' dir='ltr'>πόλεως.</span> <span class='ocrx_word' id='word_1_701' title='bbox 757 5307 850 5358; x_wconf 87' lang='grc' dir='ltr'><strong>Δεῖ</strong></span> <span class='ocrx_word' id='word_1_702' title='bbox 877 5304 935 5358; x_wconf 84' lang='grc' dir='ltr'>δὲ</span> <span class='ocrx_word' id='word_1_703' title='bbox 964 5305 1024 5357; x_wconf 91' lang='grc' dir='ltr'><strong>οὐ</strong></span> <span class='ocrx_word' id='word_1_704' title='bbox 1061 5305 1220 5375; x_wconf 75' lang='grc' dir='ltr'>μόνον</span> <span class='ocrx_word' id='word_1_705' title='bbox 1252 5306 1498 5378; x_wconf 83' lang='grc' dir='ltr'>ἁθρόους,</span> <span class='ocrx_word' id='word_1_706' title='bbox 1534 5308 1669 5363; x_wconf 76' lang='grc' dir='ltr'>ἀλλὰ</span> <span class='ocrx_word' id='word_1_707' title='bbox 1700 5310 1794 5363; x_wconf 78' lang='grc' dir='ltr'><strong>καὶ</strong></span> 
     </span>
    </p>
   </div>
   <div class='ocr_carea' id='block_1_106' title="bbox 1898 5304 3470 5378">
    <p class='ocr_par' dir='ltr' id='par_1_106' title="bbox 1898 5305 3470 5378">
     <span class='ocr_line' id='line_1_108' title="bbox 1898 5305 3470 5378; baseline -0.004 -12"><span class='ocrx_word' id='word_1_708' title='bbox 1898 5310 2040 5366; x_wconf 85' lang='lat' dir='ltr'><strong>enim</strong></span> <span class='ocrx_word' id='word_1_709' title='bbox 2064 5316 2173 5373; x_wconf 89' lang='lat' dir='ltr'><strong>est,</strong></span> <span class='ocrx_word' id='word_1_710' title='bbox 2206 5325 2272 5363; x_wconf 78' lang='lat' dir='ltr'><strong>ex</strong></span> <span class='ocrx_word' id='word_1_711' title='bbox 2301 5324 2389 5371; x_wconf 88' lang='lat' dir='ltr'><strong>ea,</strong></span> <span class='ocrx_word' id='word_1_712' title='bbox 2434 5323 2555 5378; x_wconf 82' lang='lat' dir='ltr'><strong>qua:</strong></span> <span class='ocrx_word' id='word_1_713' title='bbox 2585 5315 2767 5363; x_wconf 80' lang='lat' dir='ltr'><strong>vestra</strong></span> <span class='ocrx_word' id='word_1_714' title='bbox 2794 5321 2961 5377; x_wconf 87' lang='lat' dir='ltr'><strong>opera</strong></span> <span class='ocrx_word' id='word_1_715' title='bbox 2998 5307 3301 5362; x_wconf 87' lang='lat' dir='ltr'><strong>etiamnum</strong></span> <span class='ocrx_word' id='word_1_716' title='bbox 3334 5305 3470 5360; x_wconf 82' lang='lat' dir='ltr'><strong>urbs</strong></span> 
     </span>
    </p>
   </div>
   <div class='ocr_carea' id='block_1_107' title="bbox 188 5392 1794 5468">
    <p class='ocr_par' dir='ltr' id='par_1_107' title="bbox 188 5392 1794 5468">
     <span class='ocr_line' id='line_1_109' title="bbox 188 5392 1794 5468; baseline 0.002 -19"><span class='ocrx_word' id='word_1_717' title='bbox 188 5396 337 5457; x_wconf 81' lang='grc' dir='ltr'>καθ’</span> <span class='ocrx_word' id='word_1_718' title='bbox 386 5396 485 5451; x_wconf 71' lang='grc' dir='ltr'><strong>ενα</strong></span> <span class='ocrx_word' id='word_1_719' title='bbox 536 5398 861 5468; x_wconf 76' lang='grc' dir='ltr'>εὐεργετεῖν.</span> <span class='ocrx_word' id='word_1_720' title='bbox 914 5396 1048 5450; x_wconf 81' lang='grc' dir='ltr'>Τίνα</span> <span class='ocrx_word' id='word_1_721' title='bbox 1116 5396 1173 5449; x_wconf 84' lang='grc' dir='ltr'>δέ</span> <span class='ocrx_word' id='word_1_722' title='bbox 1220 5396 1367 5450; x_wconf 79' lang='grc' dir='ltr'>ἐστιν</span> <span class='ocrx_word' id='word_1_723' title='bbox 1410 5399 1468 5452; x_wconf 71' lang='grc' dir='ltr'>ἐν</span> <span class='ocrx_word' id='word_1_724' title='bbox 1498 5392 1580 5463; x_wconf 78' lang='grc' dir='ltr'><strong>οἷς</strong></span> <span class='ocrx_word' id='word_1_725' title='bbox 1627 5400 1794 5468; x_wconf 75' lang='grc' dir='ltr'>φίλων</span> 
     </span>
    </p>
   </div>
   <div class='ocr_carea' id='block_1_108' title="bbox 1898 5392 3462 5468">
    <p class='ocr_par' dir='ltr' id='par_1_108' title="bbox 1898 5394 3462 5465">
     <span class='ocr_line' id='line_1_110' title="bbox 1898 5394 3462 5465; baseline -0.006 -9"><span class='ocrx_word' id='word_1_726' title='bbox 1898 5410 1997 5457; x_wconf 87' lang='lat' dir='ltr'><strong>est.</strong></span> <span class='ocrx_word' id='word_1_727' title='bbox 2024 5402 2146 5456; x_wconf 89' lang='lat' dir='ltr'><strong>Non</strong></span> <span class='ocrx_word' id='word_1_728' title='bbox 2177 5401 2356 5456; x_wconf 86' lang='lat' dir='ltr'><strong>solum</strong></span> <span class='ocrx_word' id='word_1_729' title='bbox 2397 5408 2578 5454; x_wconf 83' lang='lat' dir='ltr'><strong>autem</strong></span> <span class='ocrx_word' id='word_1_730' title='bbox 2616 5399 2684 5455; x_wconf 85' lang='lat' dir='ltr'><strong>de</strong></span> <span class='ocrx_word' id='word_1_731' title='bbox 2736 5398 3041 5465; x_wconf 86' lang='lat' dir='ltr'><strong>universis,</strong></span> <span class='ocrx_word' id='word_1_732' title='bbox 3066 5411 3259 5451; x_wconf 84' lang='lat' dir='ltr'><strong>verum</strong></span> <span class='ocrx_word' id='word_1_733' title='bbox 3295 5394 3462 5450; x_wconf 89' lang='lat' dir='ltr'><strong>etiam</strong></span> 
     </span>
    </p>
   </div>
   <div class='ocr_carea' id='block_1_109' title="bbox 188 5486 1794 5563">
    <p class='ocr_par' dir='ltr' id='par_1_109' title="bbox 188 5488 1792 5562">
     <span class='ocr_line' id='line_1_111' title="bbox 188 5488 1792 5562; baseline 0.003 -20"><span class='ocrx_word' id='word_1_734' title='bbox 188 5491 463 5562; x_wconf 79' lang='grc' dir='ltr'>δεήσεται</span> <span class='ocrx_word' id='word_1_735' title='bbox 484 5491 758 5560; x_wconf 83' lang='grc' dir='ltr'>Διογένης,</span> <span class='ocrx_word' id='word_1_736' title='bbox 780 5489 880 5543; x_wconf 78' lang='grc' dir='ltr'>οὐκ</span> <span class='ocrx_word' id='word_1_737' title='bbox 902 5488 1034 5561; x_wconf 75' lang='grc' dir='ltr'>ἐμοῦ</span> <span class='ocrx_word' id='word_1_738' title='bbox 1060 5489 1359 5558; x_wconf 82' lang='grc' dir='ltr'>γράφοντος</span> <span class='ocrx_word' id='word_1_739' title='bbox 1379 5489 1792 5560; x_wconf 78' lang='grc' dir='ltr'>ἀναγινώσκειν,</span> 
     </span>
    </p>
   </div>
   <div class='ocr_carea' id='block_1_110' title="bbox 1898 5486 3466 5563">
    <p class='ocr_par' dir='ltr' id='par_1_110' title="bbox 1898 5486 3466 5563">
     <span class='ocr_line' id='line_1_112' title="bbox 1898 5486 3466 5563; baseline -0.005 -14"><span class='ocrx_word' id='word_1_740' title='bbox 1898 5494 1959 5549; x_wconf 84' lang='lat' dir='ltr'><strong>de</strong></span> <span class='ocrx_word' id='word_1_741' title='bbox 2010 5493 2243 5563; x_wconf 85' lang='lat' dir='ltr'><strong>singulis</strong></span> <span class='ocrx_word' id='word_1_742' title='bbox 2294 5492 2434 5547; x_wconf 89' lang='lat' dir='ltr'><strong>bene</strong></span> <span class='ocrx_word' id='word_1_743' title='bbox 2482 5490 2678 5546; x_wconf 71' lang='lat' dir='ltr'><strong>umeri</strong></span> <span class='ocrx_word' id='word_1_744' title='bbox 2728 5490 3005 5546; x_wconf 75' lang='lat' dir='ltr'><strong>convenit.</strong></span> <span class='ocrx_word' id='word_1_745' title='bbox 3067 5489 3200 5557; x_wconf 68' lang='lat' dir='ltr'><strong>Quae</strong></span> <span class='ocrx_word' id='word_1_746' title='bbox 3242 5486 3359 5541; x_wconf 86' lang='lat' dir='ltr'><strong>sint</strong></span> <span class='ocrx_word' id='word_1_747' title='bbox 3402 5500 3466 5547; x_wconf 83' lang='lat' dir='ltr'><strong>ea</strong></span> 
     </span>
    </p>
   </div>
   <div class='ocr_carea' id='block_1_111' title="bbox 190 5575 1794 5653">
    <p class='ocr_par' dir='ltr' id='par_1_111' title="bbox 190 5579 1792 5653">
     <span class='ocr_line' id='line_1_113' title="bbox 190 5579 1792 5653; baseline -0.002 -13"><span class='ocrx_word' id='word_1_748' title='bbox 190 5580 327 5640; x_wconf 82' lang='grc' dir='ltr'>ἀλλ’</span> <span class='ocrx_word' id='word_1_749' title='bbox 380 5580 542 5635; x_wconf 85' lang='grc' dir='ltr'>αὐτοῦ</span> <span class='ocrx_word' id='word_1_750' title='bbox 589 5580 835 5649; x_wconf 78' lang='grc' dir='ltr'>λέγοντος</span> <span class='ocrx_word' id='word_1_751' title='bbox 883 5579 1099 5635; x_wconf 81' lang='grc' dir='ltr'>ἀκούειν</span> <span class='ocrx_word' id='word_1_752' title='bbox 1139 5598 1199 5635; x_wconf 94' lang='grc' dir='ltr'><strong>σε</strong></span> <span class='ocrx_word' id='word_1_753' title='bbox 1248 5580 1345 5634; x_wconf 86' lang='grc' dir='ltr'>δεῖ.</span> <span class='ocrx_word' id='word_1_754' title='bbox 1396 5581 1563 5639; x_wconf 82' lang='grc' dir='ltr'>Οὐδὲν</span> <span class='ocrx_word' id='word_1_755' title='bbox 1588 5583 1695 5653; x_wconf 82' lang='grc' dir='ltr'>γὰρ</span> <span class='ocrx_word' id='word_1_756' title='bbox 1724 5583 1792 5637; x_wconf 83' lang='grc' dir='ltr'>ἂν</span> 
     </span>
    </p>
   </div>
   <div class='ocr_carea' id='block_1_112' title="bbox 1898 5575 3463 5653">
    <p class='ocr_par' dir='ltr' id='par_1_112' title="bbox 1898 5575 3463 5652">
     <span class='ocr_line' id='line_1_114' title="bbox 1898 5575 3463 5652; baseline -0.001 -16"><span class='ocrx_word' id='word_1_757' title='bbox 1898 5597 2078 5652; x_wconf 84' lang='lat' dir='ltr'><strong>porro,</strong></span> <span class='ocrx_word' id='word_1_758' title='bbox 2134 5591 2357 5652; x_wconf 89' lang='lat' dir='ltr'><strong>propter</strong></span> <span class='ocrx_word' id='word_1_759' title='bbox 2386 5597 2508 5652; x_wconf 68' lang='lat' dir='ltr'><strong>quae</strong></span> <span class='ocrx_word' id='word_1_760' title='bbox 2536 5580 2734 5636; x_wconf 86' lang='lat' dir='ltr'><strong>amicis</strong></span> <span class='ocrx_word' id='word_1_761' title='bbox 2764 5596 2903 5650; x_wconf 90' lang='lat' dir='ltr'><strong>opus</strong></span> <span class='ocrx_word' id='word_1_762' title='bbox 2938 5578 3134 5633; x_wconf 86' lang='lat' dir='ltr'><strong>habeat</strong></span> <span class='ocrx_word' id='word_1_763' title='bbox 3173 5575 3463 5647; x_wconf 85' lang='lat' dir='ltr'><strong>Diogenes.</strong></span> 
     </span>
    </p>
   </div>
   <div class='ocr_carea' id='block_1_113' title="bbox 192 5667 1794 5746">
    <p class='ocr_par' dir='ltr' id='par_1_113' title="bbox 192 5671 1788 5746">
     <span class='ocr_line' id='line_1_115' title="bbox 192 5671 1788 5746; baseline -0.001 -17"><span class='ocrx_word' id='word_1_764' title='bbox 192 5674 423 5746; x_wconf 82' lang='grc' dir='ltr'>γένοιτο</span> <span class='ocrx_word' id='word_1_765' title='bbox 452 5672 547 5726; x_wconf 91' lang='grc' dir='ltr'><strong>τοῦ</strong></span> <span class='ocrx_word' id='word_1_766' title='bbox 581 5673 844 5735; x_wconf 80' lang='grc' dir='ltr'>παθόντος</span> <span class='ocrx_word' id='word_1_767' title='bbox 872 5671 1318 5744; x_wconf 74' lang='grc' dir='ltr'>ῥητορικώτερον.</span> <span class='ocrx_word' id='word_1_768' title='bbox 1360 5673 1674 5742; x_wconf 83' lang='grc' dir='ltr'>Μαρκιανὸν</span> <span class='ocrx_word' id='word_1_769' title='bbox 1696 5673 1788 5727; x_wconf 80' lang='grc' dir='ltr'><strong>τὸν</strong></span> 
     </span>
    </p>
   </div>
   <div class='ocr_carea' id='block_1_114' title="bbox 1898 5667 3463 5746">
    <p class='ocr_par' dir='ltr' id='par_1_114' title="bbox 1898 5667 3463 5743">
     <span class='ocr_line' id='line_1_116' title="bbox 1898 5667 3463 5743; baseline -0.006 -14"><span class='ocrx_word' id='word_1_770' title='bbox 1898 5688 1998 5729; x_wconf 87' lang='lat' dir='ltr'><strong>non</strong></span> <span class='ocrx_word' id='word_1_771' title='bbox 2031 5674 2308 5729; x_wconf 85' lang='lat' dir='ltr'><strong>scribente</strong></span> <span class='ocrx_word' id='word_1_772' title='bbox 2354 5688 2442 5728; x_wconf 91' lang='lat' dir='ltr'><strong>me</strong></span> <span class='ocrx_word' id='word_1_773' title='bbox 2471 5673 2649 5743; x_wconf 83' lang='lat' dir='ltr'><strong>legere</strong></span> <span class='ocrx_word' id='word_1_774' title='bbox 2675 5712 2689 5736; x_wconf 89' lang='lat'><strong>,</strong></span> <span class='ocrx_word' id='word_1_775' title='bbox 2726 5673 2821 5728; x_wconf 88' lang='lat' dir='ltr'><strong>sed</strong></span> <span class='ocrx_word' id='word_1_776' title='bbox 2848 5686 2912 5727; x_wconf 86' lang='lat' dir='ltr'><strong>eo</strong></span> <span class='ocrx_word' id='word_1_777' title='bbox 2942 5669 3160 5725; x_wconf 83' lang='lat' dir='ltr'><strong>dicente</strong></span> <span class='ocrx_word' id='word_1_778' title='bbox 3186 5667 3380 5723; x_wconf 88' lang='lat' dir='ltr'><strong>audire</strong></span> <span class='ocrx_word' id='word_1_779' title='bbox 3410 5675 3463 5727; x_wconf 86' lang='lat' dir='ltr'><strong>te</strong></span> 
     </span>
    </p>
   </div>
   <div class='ocr_carea' id='block_1_115' title="bbox 196 5760 1794 5838">
    <p class='ocr_par' dir='ltr' id='par_1_115' title="bbox 196 5763 1785 5838">
     <span class='ocr_line' id='line_1_117' title="bbox 196 5763 1785 5838; baseline 0.001 -20"><span class='ocrx_word' id='word_1_780' title='bbox 196 5764 502 5838; x_wconf 76' lang='grc' dir='ltr'>φιλόσοφον</span> <span class='ocrx_word' id='word_1_781' title='bbox 543 5765 633 5819; x_wconf 81' lang='grc' dir='ltr'><strong>τὸν</strong></span> <span class='ocrx_word' id='word_1_782' title='bbox 672 5765 910 5836; x_wconf 78' lang='grc' dir='ltr'>ἄρξαντα</span> <span class='ocrx_word' id='word_1_783' title='bbox 952 5763 1315 5835; x_wconf 65' lang='grc' dir='ltr'>Παφλαγόνων</span> <span class='ocrx_word' id='word_1_784' title='bbox 1365 5765 1622 5837; x_wconf 74' lang='grc' dir='ltr'>πρόσειπε</span> <span class='ocrx_word' id='word_1_785' title='bbox 1658 5766 1785 5835; x_wconf 74' lang='grc' dir='ltr'>παρ’</span> 
     </span>
    </p>
   </div>
   <div class='ocr_carea' id='block_1_116' title="bbox 1898 5760 3463 5838">
    <p class='ocr_par' dir='ltr' id='par_1_116' title="bbox 1898 5760 3463 5838">
     <span class='ocr_line' id='line_1_118' title="bbox 1898 5760 3463 5838; baseline -0.005 -15"><span class='ocrx_word' id='word_1_786' title='bbox 1898 5772 2126 5838; x_wconf 85' lang='lat' dir='ltr'><strong>oportet.</strong></span> <span class='ocrx_word' id='word_1_787' title='bbox 2158 5764 2305 5821; x_wconf 82' lang='lat' dir='ltr'><strong>Nihil</strong></span> <span class='ocrx_word' id='word_1_788' title='bbox 2344 5766 2487 5822; x_wconf 87' lang='lat' dir='ltr'><strong>enim</strong></span> <span class='ocrx_word' id='word_1_789' title='bbox 2517 5765 2688 5836; x_wconf 84' lang='lat' dir='ltr'><strong>possit</strong></span> <span class='ocrx_word' id='word_1_790' title='bbox 2716 5780 2783 5821; x_wconf 92' lang='lat' dir='ltr'><strong>co</strong></span> <span class='ocrx_word' id='word_1_791' title='bbox 2825 5778 2984 5831; x_wconf 87' lang='lat' dir='ltr'><strong>esse,</strong></span> <span class='ocrx_word' id='word_1_792' title='bbox 3036 5760 3138 5834; x_wconf 81' lang='lat' dir='ltr'><strong>qui</strong></span> <span class='ocrx_word' id='word_1_793' title='bbox 3170 5774 3463 5833; x_wconf 81' lang='lat' dir='ltr'><strong>perpessus</strong></span> 
     </span>
    </p>
   </div>
  </div>
