3838 6236
464 285 609 343 N99
1531 299 1797 360 SYNESII
1841 301 2306 363 PTOLEIIAIDIS
2344 303 2655 364 EPISCOPI
3594 309 3743 367 λιεα

466 404 576 471 sit,
615 404 903 463 disertius.
954 408 1294 470 Marcianum
1329 415 1757 491 philosophum,
1802 424 1898 495 qui
1943 423 1982 477 Ρ

2227 423 2304 480 οὗ.
2336 425 2457 480 Κάν
2496 443 2550 479 τι
2593 424 2842 495 δύνηται·
2880 423 3211 496 στοχάζομαι
3246 425 3305 479 δὲ
3348 425 3432 480 ὅτι
3482 424 3743 489 δύναταιι

466 495 774 567 ριιιαεοιιίαξ
805 501 1043 571 ρταδίιιη,
1092 520 1215 561 meo
1252 509 1479 565 nomine
1504 513 1715 571 salutes
1748 517 1934 572 velim.
1977 517 1982 571 λ

2228 517 2443 572 λυσάτω
2474 518 2709 589 συγγενῆ
2751 535 2852 589 μου
2894 519 3098 590 σφόδρα
3117 495 3463 589 αὐτανέψιον
3655 522 3744 575 ἀν-

467 587 513 639 si
546 589 825 659 quidpiam
875 602 1089 663 potest,
1144 597 1306 669 257
1344 616 1507 670 posse
1557 613 1743 663 autem
1775 609 1979 681 conjici

2227 609 2416 683 ιέψιον]
2448 649 2464 675 ,
2513 610 2674 681 ἔργον
2698 587 2962 679 ⁷γενέσθαι
3016 587 3365 681 συκοφαντῶν
3422 587 3743 679 mana»,

468 678 613 733 istud
655 681 950 752 prohibere
978 690 1311 758 contendat,
1343 710 1413 751 ne
1456 695 1505 753 is
1545 699 1643 768 qui
1688 678 1901 757 mecum
1948 721 1984 759 at

2232 678 2338 756 νῶν
2376 678 2689 776 ἀλαστορων
2719 706 2817 776 τῆς
2849 703 3061 775 χώρας·
3096 678 3269 759 ὃννσοι
3323 704 3463 775 μετὰ
3496 707 3602 778 τῆς
3631 678 3747 759 Era?

466 770 687 825 modum
720 778 1055 846 cognatione
1087 783 1418 851 conjunctus
1447 796 1503 843 et
1530 793 1899 850 consobrinus
1935 811 1982 852 et

2230 796 2338 867 »λῆς
2365 796 2481 851 υἱὸν
2513 770 2823 869 ἐγχειρίζῷ,
2932 770 2995 852 δν
3032 797 3181 863 ὄντες
3205 770 3425 868 ἀδελφοὶ
3598 799 3746 873 τρεῖς

463 876 493 911 a
525 860 867 923 delatoribus
919 871 1421 943 calumniantibus,
1465 882 1797 939 certissimis
1849 893 1966 954 patr

1031 875 1421 943 Imniantibus,
1465 882 1797 939 certissimis
1849 860 2043 954 patriai
2143 860 2547 959 ἀριθμούμεθα.

465 964 670 1010 nostra:
714 960 960 1028 pestibus
985 1004 1001 1029 ,
1054 967 1253 1024 misere
1303 972 1629 1031 conficiatur
1671 991 1685 1028 :
1742 994 1905 1048 quem
1941 982 2041 1037 tibi
2075 998 2205 1039 cum
2251 986 2356 1042 hac
2398 981 2636 1055 epistola
2663 983 2761 1040 lilii
2790 983 2912 1041 loco
2935 982 3245 1052 committo:
3283 990 3513 1055 Ρτοριετ
3551 999 3744 1057 (1⁸³⁸³-

464 1061 588 1100 cum
615 1047 725 1105 duo
753 1050 1024 1109 duntaxat
1054 1056 1258 1117 fratres
1285 1062 1484 1128 simus,
1510 1073 1626 1123 tres
1658 1047 2038 1131 numerantur.

991 1188 1335 1250 EPISTOLA
1365 1196 1531 1255 CXX.

2689 1209 3034 1265 ΕΠΙΣΤΟΛΗ
3067 1211 3197 1266 PK’.

1150 1331 1356 1391 Fratri.

2771 1350 2815 1401 Τ
2810 1344 2856 1412 ᾧ
2880 1346 3143 1417 ἀδελφῷ.

533 1431 730 1491 Medici
779 1439 959 1497 solent
1020 1442 1091 1499 iis
1140 1446 1235 1516 qui
1284 1463 1431 1521 aegre
1505 1463 1769 1510 evomunt
1842 1454 2047 1525 tepida:

2233 1457 2279 1510 ιι
2321 1456 2713 1529 Ἀσκληπιάδαι
2760 1461 2871 1521 τοῖς
2917 1459 3232 1530 δυσεμέτοις
3269 1460 3462 1525 ὓδατος
3512 1460 3749 1533 χλιαρου

461 1538 621 1594 aquae
661 1530 1024 1591 sorbitionem
1060 1540 1455 1610 praascribere,
1492 1553 1553 1599 ut
1591 1547 1742 1616 quod
1772 1548 1925 1604 intus
1958 1563 1977 1603 ε

2235 1548 2378 1603 iactv
2429 1551 2781 1623 ἀπορῤοφείν,
2839 1552 2925 1604 ἵνα
2986 1552 3160 1624 τούτῳ
3222 1553 3751 1607 συνεπισπάσωνται

461 1632 588 1671 cum
644 1635 707 1677 ea
744 1623 908 1680 simul
960 1630 1274 1688 extrahant.
1316 1634 1455 1692 Volo
1495 1638 1664 1709 igitur
1712 1658 1887 1699 novos
1938 1645 1977 1698 ti

2232 1658 2239 1691 ι
2265 1639 2326 1692 τὸ
2352 1642 2836 1713 προαποκείμενον.
2864 1623 3139 1714 Βούλομαι
3160 1643 3223 1714 δή
3254 1661 3335 1697 σοι
3362 1644 3524 1713 κάγὼ
3553 1647 3748 1716 φήμας

462 1722 715 1769 rumores
742 1718 1034 1783 nuntiare,
1065 1724 1159 1792 qui
1189 1724 1257 1779 ad
1302 1743 1389 1783 me
1424 1745 1596 1800 nuper
1622 1747 1687 1786 ex
1730 1735 1978 1791 continer

2232 1729 2328 1793 νὰς
2357 1730 2583 1802 ἔναγχος
2605 1733 2669 1785 ὲκ
2693 1733 2796 1803 τῆς
2827 1734 3055 1806 ἠπείρου
3083 1735 3531 1806 διακομισθεῖσας
3554 1739 3746 1805 ἀπαγ-

455 1812 590 1857 sunt
618 1806 809 1874 allati,
858 1819 919 1865 ut
969 1811 1093 1870 illos
1141 1830 1269 1871 cum
1309 1818 1497 1877 fenore
1537 1823 1670 1879 mihi
1707 1826 1949 1897 reddas,

2230 1821 2340 1885 λαι,
2372 1823 2460 1876 ἴνα
2498 1841 2589 1894 μοι
2625 1825 3058 1892 πολλαπλασίους
3096 1828 3264 1892 αὑτὰς
3294 1828 3535 1900 ἀποδῷς,
3568 1847 3746 1901 προσ-

457 1893 590 1961 quid
626 1899 775 1954 nosti
811 1903 1072 1973 amplius,
1112 1906 1382 1977 adjiciens
1932 1893 1942 1897 ⁷

1932 1893 1942 1897 ⁷
2143 1911 2257 1978 θεὶς
2284 1915 2339 1968 εί
2370 1931 2425 1969 τι
2459 1893 2619 1972 πλέον
2650 1918 2807 1983 εἰδὼς
2836 1920 3146 1991 τυγχάνεις.

965 2038 1305 2098 ΕΡΙδΤΟΙιΔ
1343 2043 1532 2103 CXXI.

2648 2050 2995 2108 ΕΠΙΣΤΟΛΗ
3031 2056 3210 2111 PKA'.

872 2170 1165 2231 Anastasio
1203 2176 1615 2248 hydrocometa'.
2254 2180 2388 2239 Ἀνα

2254 2180 2623 2251 Ἀναστασίῳ
2652 2186 3042 2259 ὐδροκωμήτῃ
3073 2188 3187 2262 [γρ.
3218 2190 3625 2267 ὐδρομύστηιν

523 2276 752 2351 Ulysses
776 2280 1115 2357 Polyphemo
1154 2290 1423 2359 suadebat
1479 2304 1540 2351 ut
1582 2313 1614 2355 e
1650 2300 1917 2371 spelunca
1970 2321 2036 2364 se

2236 2292 2509 2361 Οδυσσεὺς
2540 2297 2722 2353 ἔπειθε
2768 2300 2860 2353 τὸν
2898 2300 3224 2373 Πολύφημον
3262 2302 3536 2371 διαφεῖναι
3572 2307 3731 2361 αύτδν

446 2367 772 2431 dimitteret.
808 2375 1102 2437 Veterator
1129 2383 1277 2438 enim
1298 2426 1314 2452 ,
1347 2386 1530 2443 aiebat
1550 2430 1566 2455 ,
1590 2367 1698 2462 ego
1734 2408 1858 2449 sum
1885 2435 1901 2461 ,
1933 2412 1962 2452 ο

2225 2385 2321 2438 τοῦ
2359 2389 2642 2461 σπηλαίου.
2686 2391 2827 2464 Γύης
2858 2391 2966 2464 γάρ
3012 2367 3151 2465 είμι,
3179 2394 3273 2448 καὶ
3325 2367 3407 2459 είς
3443 2397 3641 2469 καιῷν
3666 2400 3732 2454 ἄν

448 2469 798 2553 portuneque
833 2468 932 2524 tibi
984 2471 1282 2529 admodum
1332 2477 1585 2534 subsidio
1639 2479 1882 2549 fuerim,
1939 2502 1964 2541 c

2217 2513 2220 2524 .
2267 2478 2503 2550 παρείην
2546 2479 2647 2534 οὐκ
2696 2481 3009 2553 εὐτυχοῦντι
3058 2483 3128 2537 τὰ
3178 2487 3263 2548 είς
3306 2487 3400 2540 τὸν
3442 2486 3733 2543 θαλάττιον

448 2551 651 2609 marini
693 2570 916 2614 amores
963 2560 1045 2616 illi
1088 2578 1199 2619 non
1246 2566 1385 2622 satis
1414 2582 1482 2623 ex
1508 2578 1638 2625 voto
1670 2573 1964 2644 respondet

2216 2584 2333 2622 υτα.
2375 2568 2514 2624 Ἀλλ’
2546 2571 2659 2641 ἐγώ
2689 2590 2773 2627 τοι
2812 2551 2906 2628 διαὶ
2950 2576 3167 2647 ἐπῳδὰς
3217 2574 3354 2642 οἰδα,
3412 2580 3506 2635 καὶ
3559 2598 3732 2635 κατα-

446 2639 663 2699 Etenim
696 2661 801 2717 ego
826 2649 1115 2709 cautiones
1143 2655 1411 2726 quasdam
1443 2656 1564 2714 scio
1585 2696 1603 2724 ,
1642 2668 1698 2716 et
1726 2639 1901 2720 nexus
1922 2702 1941 2730 ,

2215 2676 2383 2730 πμους,
2425 2664 2521 2717 καὶ
2567 2639 2838 2737 ἐρωτικὰς
2885 2639 3255 2739 κατανάγιιας,
3298 2665 3387 2736 αἷς
3424 2674 3531 2728 οὐκ
3582 2676 3731 2741 εἰκὸς

443 2737 746 2793 amatorias
775 2739 1067 2800 illecebras
1086 2786 1102 2812 ,
1146 2747 1354 2817 quibus
1378 2749 1464 2805 vel
1492 2752 1767 2809 tantillum
1796 2753 1959 2811 Galat

2213 2756 2402 2823 ςισχετν
2451 2756 2575 2809 οὐδὲ
2612 2759 2949 2832 ,προσϐραχὺ
3015 2737 3118 2835 τὴν
3174 2763 3492 2822 Γαλάτειαν.
3548 2737 3729 2823 Μόνον

445 2823 705 2883 resistere
747 2844 860 2886 non
900 2840 1100 2902 potest.
1146 2834 1263 2894 Hoc
1302 2848 1360 2893 tu
1403 2841 1583 2897 solum
1624 2845 1830 2902 ostium
1872 2863 1959 2903 am

2213 2844 2395 2917 6στηθι
2434 2848 2499 2901 σὺ
2528 2849 2629 2920 τὴν
2672 2823 2843 2922 θύραν
2883 2823 3251 2927 αποκινῆσαι·
3285 2855 3488 2927 μᾶλλον
3531 2859 3595 2912 δὲ
3638 2860 3729 2913 τὸν

443 2924 570 2972 veto
596 2960 612 2985 ,
642 2920 729 2976 vel
767 2936 963 2979 saxum
1009 2926 1161 2984 istud
1203 2928 1399 3003 ingens
1438 2934 1626 3005 potius
1664 2951 1680 2989 :
1714 2937 1849 2993 mihi
1876 2940 1959 2995 eni

2212 2936 2322 2991 θεὸν
2349 2936 2555 2994 τοῦτον.
2594 2920 2754 3012 Ἐμοὶξ
2789 2943 2889 3014 μὲν
2919 2944 3029 3017 γὰρ
3068 2920 3164 2999 καὶ
3206 2920 3558 3019 ἀκρωτήριον
3590 2947 3728 3005 εῖναι

442 3010 528 3065 vel
575 3017 1014 3082 promontorium
1066 3032 1194 3078 esse
1240 3022 1481 3081 videtur.
1527 3026 1642 3100 Ego
1686 3043 1821 3086 vero
1866 3031 1935 3087 ad

2212 3028 2399 3086 ίνεται.
2438 3031 2581 3101 Ἐγὼ
2607 3010 2669 3087 δε
2701 3010 3094 3108 animosa,
3121 3010 3315 3093 θᾶττον
3354 3040 3389 3111 ἢ
3417 3010 3599 3110 ’λόγος
3628 3043 3728 3115 τὴν

440 3114 710 3169 revertar,
733 3121 872 3167 ,cum
904 3109 1059 3168 dicto
1086 3112 1253 3171 citius
1294 3118 1535 3187 puellam
1573 3089 1838 3195 adegero.
1880 3122 1956 3190 Qu

2209 3122 2296 3175 ϊδα
2346 3089 2960 3197 κατεργασάμενοςἩῖ
2998 3089 3725 3204 λέγοι-ἠπατεργασέμενοςις

428 3194 576 3258 .dixi,
596 3195 833 3268 adegero
848 3200 872 3253 ?
888 3200 1066 3273 Ipsam
1090 3204 1239 3270 illam
1257 3208 1445 3266 multis
1465 3194 1761 3285 praestigiis
1782 3215 1944 3271 adduc

2213 3214 2308 3284 τὴν
2333 3216 2549 3288 ἐκείνην
2570 3194 2834 3289 ἀποφανῶ
2861 3235 2942 3273 σοι
2963 3194 3122 3293 δεῦρο
3145 3194 3544 3294 πολλαῖςῐυγξι
3569 3194 3729 3295 γενεᾷ

442 3284 658 3341 facilem
693 3290 969 3360 praebebo.
999 3293 1194 3352 Orablt
1216 3305 1289 3364 te,
1319 3310 1375 3356 et
1404 3284 1763 3363 obsecrabit:
1802 3318 1862 3365 tu
1891 3329 1956 3369 ve

2208 3318 2297 3373 νην
2321 3284 2602 3375 ἀγώγιμον
2620 3322 2635 3337 ’
2667 3284 2760 3360 παὶ
2791 3307 3043 3379 δεήσεταί
3060 3284 3170 3365 ’σου
3199 3311 3293 3366 καὶ
3331 3284 3684 3386 dﬂigam-ast
3709 3333 3724 3346 ”

426 3376 666 3434 delicias
692 3395 821 3453 ages
842 3422 859 3449 ,
901 3391 956 3440 et
983 3386 1203 3447 illudes.
1246 3389 1636 3453 Verumtamen
1671 3403 1859 3457 nescio
1887 3419 1942 3475 qt

2230 3391 2286 3446 δὲ
2313 3394 2480 3468 ἀκκιῇ
2526 3398 2621 3450 καὶ
2666 3376 3091 3474 κατειριονεύσῃ.
3120 3403 3285 3475 Ἀτάρ
3322 3406 3531 3475 μεταξὺ
3670 3426 3725 3463 τι

438 3466 659 3530 interim
711 3472 989 3543 ejusmodi
1036 3482 1359 3552 scrupulum
1404 3486 1615 3558 injicit;
1653 3506 1723 3547 ne
1754 3466 1954 3551 velleru

2207 3494 2217 3536 ι
2246 3466 2483 3540 τοιοῦτον
2510 3487 2726 3558 ἔθραξε,
2755 3466 2839 3562 μὴ.
2873 3491 2981 3546 τῶν
3022 3466 3227 3547 διίυδίων
3546 3466 3723 3570 ἀηδὴς

433 3564 791 3623 succldorum
862 3570 1006 3628 fetor
1083 3574 1331 3634 delicatae
1404 3582 1601 3652 puella:
1633 3623 1649 3650 ,
1710 3587 1947 3661 sazpiusq

2206 3592 2346 3645 rqtat
2387 3576 2524 3649 κόρῃ
2572 3580 2872 3652 τρυφώσῃ,
2923 3583 3018 3635 καὶ
3062 3564 3465 3657 λουομένῃτῆς

435 3653 508 3708 de
539 3656 630 3714 die
674 3658 878 3718 lavanti
942 3664 1191 3738 ingratus
1242 3671 1475 3728 accidat.
1524 3653 1805 3734 Consulto
1835 3653 1946 3752 itaq

2205 3666 2400 3731 ίλάκις.
2449 3669 2629 3727 Καλὸν
2677 3666 2771 3727 οὖν
2813 3674 2861 3726 εἰ
2914 3673 3091 3729 πάντα
3127 3653 3451 3748 εύθετῆσας,
3481 3653 3721 3752 eisess-

435 3749 665 3817 feceris,
698 3753 751 3816 si,
794 3756 976 3810 omnia
1005 3772 1341 3830 componens
1372 3778 1624 3831 everras,
1648 3777 1704 3823 et
1732 3749 1946 3837 cluas,-

2202 3758 2275 3822 ,ἀς
2295 3776 2354 3812 τε
2405 3760 2502 3814 καὶ
2541 3763 2847 3830 ὲκπλυνεϊς,
2887 3767 2981 3820 καὶ
3024 3766 3410 3838 ὲνθυμιάσειας
3438 3770 3502 3823 τὸ
3527 3749 3718 3844 δωμά-

433 3841 624 3899 sumas
661 3844 977 3903 cubiculum
1004 3865 1021 3906 :
1051 3852 1334 3923 multoque
1362 3854 1544 3912 adhuc
1585 3861 1897 3919 consultius
1920 3905 1935 3930 ,

2199 3866 2267 3904 ινο
2302 3849 2382 3904 ἔτι
2428 3850 2485 3906 δὲ
2526 3853 2764 3923 κάλλιον,
2798 3858 2847 3910 εἰ
2889 3858 2983 3912 καὶ
3015 3859 3315 3929 στεφάνους
3354 3841 3715 3934 παρασκευά-

430 3941 489 3988 et
522 3949 759 3993 coronas
789 3941 1072 4009 paraveris
1099 3958 1166 3998 ex
1201 3945 1400 4002 hedera
1423 3989 1439 4014 ,
1475 3956 1530 4005 et
1560 3952 1806 4009 similace
1825 3992 1840 4019 ,
1876 3971 1946 4027 qu

2198 3957 2260 4006 ιο,
2289 3942 2472 3996 κιττοῦ
2499 3961 2559 3997 τε
2596 3946 2691 4000 καὶ
2730 3947 2960 4017 μίλακος
3002 3948 3115 4022 [γςρ.
3157 3950 3355 4024 σμίλ.],
3384 3949 3473 4017 οἷς
3513 3955 3714 4009 σαυτόν

434 4027 572 4092 tibi,
624 4028 846 4101 tuisque
898 4030 1111 4091 deliciis
1165 4035 1437 4107 imponas.
1499 4040 1607 4098 Sed
1663 4044 1796 4115 quid
1847 4049 1950 4103 etia

2226 4033 2416 4089 καὶτὰ
2447 4036 2670 4091 παιδικὰ
2710 4038 3023 4111 ἁναδήσαιο.
3063 4041 3221 4095 Ἀλλὰ
3263 4044 3317 4096 τί
3368 4043 3708 4116 διατρίϐειςς

432 4120 694 4176 restitas?
735 4122 856 4178 Non
899 4124 1011 4195 jam
1049 4125 1195 4184 fores
1226 4132 1514 4190 emoliris?
1556 4134 1640 4189 Ad
1681 4136 1796 4193 haec
1846 4141 1943 4211 igit

2196 4146 2229 4182 κ
2254 4129 2524 4202 ὲγχειρεῖς
2548 4132 2646 4205 ἤδη
2678 4136 2744 4207 τῇ
2772 4133 2912 4209 θύρᾳ
2936 4153 2950 4203 ;
2985 4138 3129 4210 Πρὸς
3152 4135 3245 4193 οὖν
3275 4139 3449 4195 ταῦτα
3481 4144 3511 4196 ὁ
3536 4142 3708 4196 Πολύ-

430 4208 794 4280 Polypbemus
846 4215 1177 4273 cachinnum
1237 4222 1471 4287 extulit,
1527 4234 1794 4294 quantum
1834 4208 1946 4300 poti

2196 4237 2295 4290 μος
2322 4222 2654 4296 ὲξεκάγχασέ
2690 4243 2751 4280 τε
2783 4208 2905 4283 ὅσον
2926 4208 3154 4299 ἠδύνατο
3186 4230 3467 4302 μέγιστον,
3499 4234 3597 4287 καὶ
3630 4233 3704 4287 τὼ

427 4301 751 4366 maximum.
777 4319 1083 4378 manusque
1104 4311 1415 4381 complosit.
1445 4312 1513 4368 Et
1542 4313 1765 4387 Ulysses
1789 4321 1943 4390 quide

2190 4314 2262 4384 ἴρε
2299 4314 2583 4387 ἐκρότησε.
2632 4318 2743 4372 Καὶ
2796 4319 2827 4372 ὁ
2873 4321 2973 4393 μὲν
3018 4322 3306 4387 Ὀδυσσεὺς
3351 4321 3492 4394 ᾤετο
3544 4325 3706 4379 αὐτὸν

294 4445 309 4461 .
427 4403 539 4458 pra:
570 4391 770 4461 gaudio
805 4394 957 4450 illum
991 4399 1077 4453 sui
1111 4410 1419 4470 compotem
1455 4418 1564 4459 non
1608 4421 1731 4464 esse
1764 4425 1810 4465 aI

2186 4400 2218 4454 ὺ
2258 4407 2539 4477 χαρμονῆς
2581 4405 2682 4460 ούκ
2713 4391 2910 4479 ἔχεινδ
2941 4428 2993 4464 τι
3040 4411 3217 4483 ἑαυτῷ
3257 4391 3545 4484 χρήσαιτο,
3574 4432 3702 4469 κατ-

424 4482 621 4549 batur,
680 4485 827 4555 quod
871 4502 931 4543 se
978 4489 1097 4546 suis
1146 4489 1358 4549 deliciis
1400 4495 1701 4564 potiturum
1732 4515 1940 4571 sperari

2192 4493 2404 4549 τίσαντα
2454 4496 2563 4551 τῶν
2614 4500 2880 4555 παιδικῶν
2926 4502 3296 4575 περιέσεσθαι.
3347 4504 3407 4557 '0
3442 4505 3522 4572 δὲ,
3567 4507 3708 4560 ὐπο-

422 4575 492 4629 At
536 4577 627 4631 ille
682 4587 924 4635 mentum
957 4581 1080 4651 ejus
1124 4582 1319 4640 leniter
1356 4586 1705 4657 demulcens,
1737 4593 1905 4665 258

2190 4586 2386 4653 νειάσας
2414 4589 2598 4657 αὑτὸν,
2630 4586 2700 4644 Ὦ
2732 4591 2883 4657 Οῠτι,
2912 4593 3015 4667 ἔφη
3036 4609 3052 4624 ·
3103 4594 3432 4667 δριμύτατον
3475 4598 3581 4668 μὲν
3612 4600 3706 4654 ἀν-

422 4664 633 4722 Nemo!
666 4669 844 4737 dixit,
884 4672 1215 4730 vaferrimus
1245 4677 1539 4736 homuncio
1590 4683 1723 4739 mihi
1770 4664 1938 4743 videri

2183 4677 2338 4733 irmov
2393 4679 2577 4745 ἔοικας
2628 4677 2769 4738 εἶναι
2793 4724 2808 4749 ,
2862 4685 2956 4738 καὶ
3003 4664 3589 4759 *ἐγκατατετριμμένον
3640 4691 3699 4744 ὲν

418 4767 476 4813 et
515 4774 698 4814 rerum
750 4777 853 4817 usu
889 4762 1144 4823 detritus.
1181 4765 1385 4823 Verum
1417 4771 1565 4828 aliud
1593 4774 1852 4845 quiddam
1882 4794 1934 4833 m

2185 4768 2435 4841 ίιγμασιν.
2462 4772 2626 4827 ’Ἄλλο
2664 4775 2847 4847 μέντοι
2902 4793 2955 4829 τι
3010 4778 3286 4831 ποίκιλλε·
3331 4779 3549 4833 ἐνθένδε
3589 4782 3701 4854 γὰρ

421 4851 563 4905 lire:
619 4867 722 4907 nec
752 4855 897 4908 enim
943 4855 1064 4927 ipse
1108 4858 1294 4931 fugam
1348 4861 1476 4919 inde
1504 4879 1782 4936 capesses.
1820 4870 1937 4941 Atql

2186 4881 2197 4914 ι
2228 4864 2573 4936 ἀποδράσεις.
2612 4867 2671 4921 '0
2703 4866 2803 4938 μὲν
2830 4862 2923 4921 οὗν
2961 4868 3250 4934 Ὀδυσσεὺς
3284 4870 3562 4941 (ἠδικεῖτο
3591 4851 3702 4946 γὰρ

422 4943 607 5016 Ulyssi
659 4946 883 5015 quidem
942 4948 1101 5019 (nam
1162 4950 1420 5020 injuriam
1467 4970 1602 5012 sane
1649 4959 1938 5027 patiebatm

2182 4955 2293 5026 τως)
2321 4956 2543 5026 ἔμελλεν
2568 4956 2676 5027 ἄρα
2704 4961 2803 5030 τῆς
2831 4961 3167 5032 πανουργίας
3196 4961 3509 5033 ὀνήσεσθαι.
3539 4965 3614 5020 Σὲ

417 5044 519 5090 sua
550 5052 780 5106 prorsus
809 5047 927 5093 erat
956 5039 1247 5110 profutura
1281 5043 1577 5100 calliditas.
1628 5047 1704 5104 De
1750 5058 1804 5105 te
1843 5067 1933 5108 ver

2178 5048 2378 5103 ικλωπα
2410 5050 2507 5120 μὲν
2528 5048 2659 5103 ὄντα
2696 5053 2761 5121 τῇ
2789 5051 2982 5123 τόλμῃ,
3027 5053 3259 5123 Σίσυφον
3286 5053 3343 5107 δὲ
3368 5052 3485 5118 τοῖς
3514 5057 3694 5128 ἔγχει-

418 5128 510 5187 qui
544 5127 773 5184 audacia
818 5130 1144 5202 Cyclopem,
1195 5132 1355 5191 factis
1390 5135 1685 5208 Sisyphum
1715 5139 1934 5198 referre:

2176 5155 2305 5208 μασι
2330 5138 2451 5210 δίκη
2487 5140 2745 5212 μετῆλθε,
2794 5142 2889 5195 καὶ
2930 5143 3095 5233 νόμος
3131 5143 3439 5215 καθεῖρξεν,
3487 5139 3566 5200 ὧν
3614 5150 3688 5219 μή

410 5220 625 5287 justitia
655 5235 848 5289 poenas
878 5225 1145 5294 sumpsit,
1180 5225 1377 5296 lexque
1407 5229 1758 5298 constrinxit,
1792 5233 1924 5302 quib

2172 5246 2226 5283 τε
2266 5232 2330 5283 σὺ
2362 5232 2810 5300 καταγελάσειας.
2844 5234 2908 5286 Et
2934 5233 2991 5287 δὲ
3029 5220 3112 5288 δεῖ
3148 5235 3365 5299 πάντως
3398 5237 3688 5309 ὑπερέχειν

414 5324 697 5377 nunquam
725 5309 933 5363 utinam
972 5311 1194 5368 illudas.
1232 5312 1390 5380 Quod
1420 5315 1471 5372 si
1512 5318 1738 5374 omnino
1780 5319 1930 5391 legibw

2188 5318 2294 5373 τῶν
2319 5322 2528 5392 νόμων·
2558 5321 2695 5376 ἀλλὰ
2723 5324 2797 5393 μὴ
2829 5322 3004 5393 ἔγωγε
3049 5324 3167 5395 εἴην
3194 5326 3223 5379 ὁ
3265 5325 3559 5398 παραλύων
3585 5328 3682 5381 αύ-

416 5399 759 5466 snperiorem
806 5404 861 5454 te
902 5414 1026 5454 esse
1073 5416 1300 5459 necesse
1335 5411 1421 5461 est
1464 5423 1478 5461 :
1528 5415 1583 5461 at
1626 5422 1727 5479 ego
1782 5425 1892 5466 non

2166 5411 2244 5478 ὺς,
2267 5412 2361 5465 καὶ
2399 5411 2499 5478 τὰς
2539 5413 2710 5486 θύρας
2750 5416 3135 5487 καταρῤηγνὺς
3175 5415 3268 5491 τοῦ
3313 5416 3410 5470 ἐπὶ
3448 5420 3566 5483 τοῖς
3603 5419 3682 5474 δε-

413 5488 517 5540 sim
585 5488 680 5557 qui
714 5501 809 5543 eas
867 5490 1114 5556 solvam,
1153 5500 1249 5547 aut
1297 5496 1540 5553 carceris
1590 5496 1738 5553 fores
1797 5499 1929 5556 et'fril

2166 5503 2342 5567 ,ώταις
2370 5506 2688 5576 οἰκήματος,
2713 5506 2823 5560 Καὶ
2846 5506 2957 5576 γὰρ
2992 5508 3041 5560 εἰ
3086 5488 3200 5577 μὲν-
3227 5503 3297 5579 ἦν
3339 5508 3433 5561 ἐπὶ
3464 5513 3580 5574 τοῖς
3610 5510 3682 5565 ls-

414 5594 559 5646 gam.
584 5578 798 5635 Etenim
844 5582 889 5636 si
932 5582 1069 5653 rcip.
1119 5599 1286 5653 penes
1323 5589 1609 5659 episcopos
1641 5598 1789 5647 esset
1818 5593 1930 5649 adm

2164 5592 2338 5665 ῦσινή
2379 5594 2639 5659 πολιτεία,
2670 5594 2893 5660 τούτους
2945 5596 3055 5650 ἔδει
3094 5598 3193 5668 τῆς
3224 5578 3493 5669 πονηρίας
3526 5600 3680 5653 κολα-

413 5668 692 5736 nistratio,
748 5672 969 5728 eosdem
1026 5674 1174 5746 ipsos
1229 5687 1508 5749 oporteret
1550 5684 1809 5755 nequitiae
1864 5699 1926 5744 es

2159 5684 2229 5750 ’ὰς
2250 5681 2408 5741 εἶναι.
2444 5688 2531 5752 Ὠς
2571 5686 2685 5742 ἔστι
2720 5705 2783 5758 γε
2815 5689 2874 5745 τὸ
2897 5687 3155 5761 δημόσιον
3194 5668 3470 5761 ξίφοςοὺχ
3497 5686 3675 5763 ἦττον,
