3838 6236
228 340 363 399 1501

1362 332 1745 397 ΕΡΙὸΤΟΙιΑΞ.
1791 369 1861 381 -
1897 338 2121 397 EI‘IS'I‘.
2163 339 2375 398 CXXII.

3370 340 3392 395 i
3405 340 3511 397 502

203 459 262 534 ’ἢ
303 462 374 516 τὰ
418 463 477 516 ὲν
517 463 628 526 τοῖς
671 460 1140 534 προτεμενίσμασι
1173 461 1286 533 (55)
1332 464 1578 534 χέρνιϐα,
1613 463 1820 529 πόλεως

1936 463 2190 520 vindices.
2255 460 2712 532 Quandoquidem
2787 461 3042 533 publicus
3114 461 3330 532 gladius
3398 478 3510 517 non

228 552 621 625 καθαρτήριον.

231 734 397 788 Οὕτω
421 734 519 788 καί
551 733 668 788 τῶν
699 734 967 803 πρόσθεν
992 737 1361 806 επευθόμεθα
1388 738 1537 792 κλέα
1559 738 1816 813 ἀνδρῶν.

229 906 418 971 Οὕτως
462 909 700 973 ἐποίουν,
745 909 850 973 ἕως
891 909 1065 965 ἐδόκει
1112 914 1275 967 καλὸν
1321 911 1461 969 εἶναι
1513 917 1609 971 τὸν
1654 919 1820 975 αὐτὸν

230 998 487 1069 εύχεσθαί
518 1016 578 1052 τε
616 1000 755 1072 ὑπὲρ
786 1000 895 1054 τῶν
940 1002 1134 1056 κοινῶν
1163 1004 1405 1072 ἀγαθῶν,
1438 1008 1534 1061 καὶ
1559 1009 1820 1080 πράττειν

230 1092 378 1157 ὅπως
433 1092 499 1146 ἂν
558 1092 940 1165 παραγένοιτο.
1004 1095 1115 1149 Καὶ
1178 1096 1288 1168 γὰρ
1345 1098 1671 1166 Αἰγύπτιοι,
1727 1103 1823 1157 καὶ

246 1184 514 1256 Ἐϐραίων
540 1184 697 1252 γένος
719 1184 908 1256 χρόνον
937 1188 1128 1257 συχνὸν
1153 1188 1258 1242 ὑπὸ
1280 1189 1387 1243 τῶν
1410 1191 1603 1262 ἱερέων
1634 1193 1819 1249 ἐϐασι-

230 1276 521 1348 λεύθησαν.
560 1278 713 1330 Ἐπεὶ
750 1278 806 1331 δὲ
854 1278 1220 1351 διῳκίσθησαν
1245 1284 1294 1337 oi
1335 1283 1472 1353 βίοι,
1508 1286 1602 1339 καὶ
1645 1289 1674 1340 6
1723 1288 1822 1359 μὲν

234 1368 399 1439 ίερὸς,
424 1368 526 1422 ὁδὲ
552 1369 876 1440 ἡγεμονικὸς
905 1372 1218 1446 ἀπεδείχθη,
1247 1375 1539 1446 τετάχαται
1562 1377 1619 1431 δὲ
1648 1379 1824 1453 ἕτεροι

234 1460 334 1531 μὲν
354 1461 413 1513 ἐν
435 1461 544 1524 τοῖς
570 1461 910 1532 πράγμασιν,
936 1464 1097 1535 ἡμεῖς
1121 1464 1179 1517 δὲ
1208 1465 1267 1518 ὲν
1286 1468 1408 1530 ταῖς
1438 1467 1627 1538 εὐχαῖς
1648 1465 1821 1525 εἶναι’

231 1547 314 1616 οἷς
339 1554 368 1606 6
399 1552 563 1623 νόμος
607 1554 939 1625 ἀπαγορεύει
983 1558 1139 1626 χεῖρα
1176 1557 1391 1629 ὀρέγειν
1428 1560 1494 1630 τῇ
1532 1560 1678 1634 δίκῃ,
1730 1564 1826 1615 καὶ

233 1645 623 1699 ἀποκτιννύναι
675 1649 768 1701 τὸν
820 1649 1187 1719 πονηρότατον
1208 1667 1223 1682 ·
1257 1650 1372 1716 πῶς
1413 1652 1479 1707 ἀν
1518 1669 1603 1717 τις
1643 1655 1826 1720 αὐτοῖς

1916 554 2101 608 minus
2155 569 2319 622 quam
2388 552 2635 608 lustralis
2683 568 2858 626 aqua,
2915 568 3038 623 qua:
3084 553 3140 607 in
3184 552 3509 625 templorum

1916 645 2207 700 vestibulis
2237 645 2565 710 collocatur,
2598 644 2949 701 civitatis'est
2972 645 3275 722 piaculum.

1999 775 2090 832 Sic
2121 789 2351 832 reterum
2401 777 2559 834 decus
2592 779 2844 834 audimus
2872 820 2888 846 ,
2922 780 3226 851 famamque
3254 781 3504 837 virorum.

1919 912 2079 968 Hunc
2126 914 2182 968 in
2241 912 2465 969 modum
2518 914 2880 981 factitabant,
2909 915 3092 986 quoad
3130 916 3396 988 optimum
3425 918 3507 972 νίς

1919 1008 2172 1074 debatur,
2219 1008 2474 1063 eumdem
2528 1023 2629 1078 pro
2671 1009 2946 1063 communi
2983 1008 3128 1063 bono
3151 1018 3274 1063 vota
3302 1008 3507 1073 facere,

1921 1099 2089 1169 idque
2125 1100 2303 1171 ipsum
2338 1098 2417 1154 uti
2448 1099 2793 1169 contingeret
2825 1113 3049 1169 operam
3092 1097 3247 1154 dare.
3286 1096 3422 1152 Nam
3455 1109 3505 1151 et

1920 1188 2206 1260 Aigyptii,
2267 1198 2322 1246 et
2373 1186 2730 1245 Hebraeorum
2770 1204 2978 1261 genus.
3040 1190 3207 1263 longo
3266 1197 3511 1259 tempore

1923 1280 2275 1337 sacerdotum
2333 1281 2566 1353 imperio
2614 1281 2699 1335 usi
2761 1289 2908 1335 sunt.
2982 1278 3090 1337 Sed
3147 1289 3507 1351 posteaquam

1925 1374 2215 1444 utriusque
2239 1374 2362 1430 vita:
2392 1374 2599 1429 factum
2623 1380 2709 1429 est
2736 1372 3030 1427 divortium
3055 1411 3070 1437 ,
3096 1382 3151 1427 et
3181 1371 3286 1425 alia
3313 1369 3507 1433 sacris,

1924 1464 2033 1520 alia
2089 1465 2422 1536 principatui
2482 1472 2571 1521 est
2630 1463 2940 1530 attributa;
3007 1452 3511 1537 aliique’negotiis

1925 1557 2204 1630 gerendis,
2236 1573 2339 1613 nos
2373 1557 2669 1613 fundendis
2696 1556 2954 1629 precibus
2983 1552 3259 1625 praepositi
3295 1566 3510 1613 sumus,

1925 1649 2130 1719 quibus
2160 1650 2243 1704 lex
2273 1656 2421 1705 vetat
2470 1664 2693 1704 manum
2745 1656 3006 1719 praestare
3039 1646 3289 1718 legibus,
3331 1652 3386 1700 et
3426 1646 3513 1701 vel

235 1736 578 1807 ἐπιτρέψειεν
614 1738 770 1809 ἀνδρὶ
818 1739 1112 1811 πανούργῳ
1148 1742 1308 1811 χεῖρα
1342 1741 1528 1812 ὀρέξαι
1559 1743 1703 1797 κατὰ
1729 1746 1827 1816 τῆς

1936 1742 2415 1799 sceleratissimum
2460 1741 2771 1796 interlieere
2805 1758 2820 1794 :
2856 1754 3097 1810 quonam
3152 1737 3318 1793 modo
3357 1738 3513 1808 quis-

232 1829 426 1900 δίκης,
476 1828 616 1882 Ἀλλ’
646 1829 779 1899 ἐγὼ,
811 1829 889 1903 “:6~
907 1848 972 1899 γε
1018 1832 1097 1895 είς
1128 1832 1229 1904 ἐμὲ
1272 1827 1426 1905 ἧκον,
1456 1835 1602 1888 ἀπαν
1651 1836 1789 1889 ποιῶ
1809 1853 1823 1867 ·

236 1917 466 1991 εὔχομαι
492 1920 586 1974 καὶ
621 1920 783 1985 οῐκοι,
808 1925 902 1976 καὶ
931 1923 1025 1977 ἐπὶ
1066 1922 1176 1977 τῶν
1223 1924 1418 1978 κοινῶν
1461 1925 1623 1997 ἱερῶν
1654 1927 1825 1998 ὑπερ-

236 2015 386 2083 σχεῖν
414 2014 512 2083 τῆς
540 2013 751 2079 ἀδικίας
777 2014 873 2085 τὴν
905 2016 1082 2088 δίκην,
1122 2017 1219 2072 καὶ
1257 2017 1521 2088 πονηρίας
1556 2017 1829 2090 ἐκκαθαρ-

235 2104 395 2175 θῆναι
420 2104 521 2176 τὴν
554 2106 728 2162 πόλιν.
755 2106 926 2161 Τοῦτο
946 2108 1004 2161 δὲ
1033 2107 1228 2161 ταυτὸν
1251 2108 1370 2161 ἐστι
1408 2107 1486 2179 τῷ
1523 2108 1692 2167 κακὸν
1730 2127 1829 2168 κα-

237 2195 349 2259 κῶς
377 2195 713 2253 ἀπολωλέναι
737 2198 832 2253 καὶ
872 2199 953 2263 σὲ,
996 2199 1090 2253 καὶ
1133 2199 1293 2254 ἄλλον
1333 2200 1483 2264 ὅστις
1522 2216 1607 2253 σοι
1653 2216 1829 2270 παραν-

236 2285 483 2355 πλήσιος.
513 2288 693 2343 Ἔστω
710 2289 774 2360 δή
803 2306 886 2343 σοι
922 2289 1080 2346 τοῦτο
1110 2292 1429 2365 τεκμήριον,
1463 2290 1547 2354 τίς
1597 2290 1665 2345 ἂν
1708 2292 1831 2360 ὲγε-

236 2377 429 2446 νόμην,
470 2377 589 2444 ἐξόν
627 2396 680 2434 τι
728 2382 933 2446 ποιεῖν,
973 2380 1054 2447 ὃς,
1082 2380 1270 2453 ἐπειδὴ
1315 2381 1414 2435 οὐκ
1454 2380 1654 2449 ἔξεστι,
1694 2397 1827 2441 κατε

236 2487 479 2543 αρωιιαι.

745 2736 1087 2790 ΕΠΙΣΤΟΜΙ
1134 2734 1312 2790 PKB’.

848 2826 933 2892 Τῷ
961 2825 1223 2896 ἀδελφῷ.

254 2938 257 2941 λ
310 2916 489 2979 Πολλά
536 2917 751 2987 κάγαθά
790 2918 1002 2988 γένοιτο
1043 2920 1156 2984 τοῖς
1203 2920 1439 2990 ίερευσιν
1482 2917 1833 2991 Λύξουμιτῶν

241 3009 357 3081 [χρ.
378 3008 717 3083 Αύξιδιτῶν],
738 3010 788 3063 οἳ
812 3010 920 3064 τῶν
944 3010 1287 3083 στρατιωτῶν
1311 3010 1748 3070 καταδεδυκότων
1773 3011 1833 3064 ἐν

1928 1851 2093 1908 quam
2149 1835 2217 1890 iis
2253 1836 2632 1899 concesserit,
2675 1847 2898 1887 manum
2951 1830 3163 1886 homini
3217 1828 3513 1886 veteratoii

1928 1936 2123 1982 contra
2148 1926 2274 1997 jura
2305 1925 2623 1997 porrigere?
2652 1928 2723 1981 At
2747 1941 2848 1997 ego
2876 1932 3142 1997 quantum
3189 1923 3244 1978 in
3279 1938 3365 1979 me
3400 1931 3511 1989 est,

1927 2036 2146 2074 omnem
2176 2019 2415 2089 lapidem
2442 2032 2659 2081 moveo,
2693 2017 2861 2088 idque
2889 2026 2937 2072 et
2965 2014 3245 2087 privatim,
3279 2021 3334 2068 et
3361 2028 3514 2068 com-

1924 2109 2188 2186 munibus
2230 2109 2284 2165 in
2316 2109 2494 2165 sacris
2533 2122 2666 2173 oro,
2704 2116 2768 2164 ut
2808 2106 3085 2177 injustitia
3130 2105 3383 2176 superior
3422 2103 3514 2171 ju-

1929 2198 2079 2254 stitia
2114 2199 2227 2264 sit,
2259 2208 2314 2259 et
2350 2199 2548 2256 civitas
2580 2197 2653 2255 ah
2690 2198 2843 2254 omni
2889 2196 3133 2267 nequitia
3157 2201 3510 2266 repurgetur.

1929 2289 2047 2346 Hoc
2079 2299 2263 2350 autem
2296 2290 2439 2354 idem
2466 2300 2572 2356 est,
2597 2304 2664 2346 ac
2703 2288 2846 2344 male
2871 2289 3073 2343 malum
3105 2287 3316 2359 perire,
3349 2292 3406 2342 et
3438 2295 3513 2350 te,

1928 2392 1984 2437 et
2020 2383 2191 2437 alium
2228 2383 2528 2454 quemlibet
2566 2382 2648 2438 tui
2698 2381 2956 2441 similem.
2989 2379 3056 2435 Et
3086 2379 3191 2440 hoc
3221 2372 3516 2450 argumen4

1928 2482 2047 2528 tum
2081 2474 2177 2529 tibi
2209 2474 2322 2539 sit,
2353 2474 2666 2545 qualisnam
2704 2473 2926 2529 futurus
2986 2470 3184 2530 luerim
3206 2510 3223 2536 ,
3283 2469 3330 2526 si
3379 2466 3514 2539 quid

1931 2566 2067 2622 mihi
2099 2565 2281 2623 facere
2308 2565 2594 2633 licuisset,
2623 2564 2720 2636 qui
2745 2605 2763 2631 ,
2802 2563 2951 2635 quod
2976 2562 3115 2619 nihil
3144 2563 3310 2619 liceat
3333 2601 3350 2629 ,
3374 2559 3516 2617 diris

1931 2665 1985 2713 te
2017 2657 2284 2715 devoveo.

2415 2745 2754 2805 EPISTOLA
2781 2744 2997 2803 CXXII.

2624 2838 2834 2896 Fratri.

2004 2930 2249 2987 Plurima
2288 2929 2674 2987 Auxiditarum
2699 2926 3086 2986 sacerdotibus
3115 2925 3260 2984 bona
3298 2921 3520 2982 contin-

1934 3035 2102 3095 gant,
2152 3024 2291 3094 qui,
2345 3036 2471 3079 cum
2523 3021 2728 3076 milites
2769 3020 2826 3076 in
2872 3018 3139 3076 montium
3169 3033 3231 3074 se
3275 3018 3524 3079 latebras

238 3106 506 3175 χηραμοῖς
529 3102 693 3175 ὁρῶν,
733 3102 827 3163 καὶ
864 3102 1158 3170 ἀξιούντων
1194 3102 1255 3156 τὸ
1298 3096 1439 3173 αἷμα
1474 3103 1752 3174 φρουρεῖν,
1781 3102 1829 3155 οί

1936 3112 2281 3167 abdidissent
2308 3147 2323 3175 ,
2380 3124 2655 3179 suumque
2705 3108 2811 3179 ipsi
2859 3106 3182 3179 sanguinem
3238 3104 3522 3168 custodire

239 3193 299 3244 δὲ
323 3190 413 3245 τὸν
450 3193 706 3261 ἀγροῖκον
746 3191 883 3246 λεὼν
917 3191 1415 3262 παρακαλέσαντες,
1458 3192 1565 3249 ἀπὸ
1613 3192 1723 3253 τῶν
1754 3193 1830 3251 Is-

243 3283 355 3355 ρῶν
374 3284 555 3337 αὐτῶν
576 3283 675 3356 τὴν
720 3283 850 3337 εὐθὺ
899 3282 1009 3341 τῶν
1063 3283 1335 3354 πολεμίων
1383 3284 1687 3355 ἡγήσαντο·
1735 3283 1831 3338 καί⁵

241 3375 697 3446 προσευξάμενοι,
723 3374 983 3446 τρόπαιον
1011 3374 1243 3447 ἔστησαν
1269 3377 1327 3430 ὲν
1358 3377 1424 3448 τῇ
1465 3376 1831 3448 Μυρσινίτιδι.

239 3468 465 3540 Φάραγξ
506 3468 563 3522 δὲ
598 3466 739 3538 αὕτη
782 3469 1073 3539 προμήκης
1112 3484 1173 3521 τε
1219 3468 1312 3522 καὶ
1358 3467 1570 3539 βαθεῖα,
1598 3467 1694 3522 καὶ
1732 3466 1833 3539 ὕλη

244 3561 592 3631 συνηρεφής’
619 3560 734 3615 ἀλλ’
764 3560 870 3614 ὑπὸ
892 3558 987 3613 τοῦ
1014 3560 1177 3631 μηδὲν
1203 3561 1315 3624 τοῖς
1343 3559 1641 3631 βαρϐάροις
1670 3558 1837 3613 ὅπλον

243 3653 506 3723 πολέμιον
534 3652 934 3723 ἀπηντηκέναι,
985 3652 1080 3705 καὶ
1126 3649 1223 3714 τὰς
1263 3650 1570 3721 δυσχωρίας
1603 3649 1839 3721 ἐθάρση-

244 3761 367 3797 σαν.
404 3742 669 3813 Ἐμελλον
714 3742 773 3797 δέ
821 3760 926 3796 που
987 3742 1080 3797 καὶ
1142 3741 1501 3813 μελαμπύγω
1553 3739 1836 3807 τεύξεσθαι

241 3834 489 3888 Φαύστου
529 3834 624 3887 τοῦ
676 3832 925 3889 διακόνου
985 3831 1096 3886 τῶν
1154 3832 1335 3904 ίερῶν.
1392 3823 1562 3894 Οὗτός
1607 3831 1755 3883 ἐστιν
1810 3830 1838 3882 6

242 3926 461 3995 πρῶτος
491 3924 730 3988 ὑποστὰς
755 3925 982 3996 ὁπλίτην
1011 3923 1217 3994 γυμνὸς
1235 3962 1252 3986 ,
1288 3924 1382 3976 καὶ
1411 3922 1610 3984 παίσας
1636 3922 1703 3975 ὲκ
1727 3939 1840 3991 χει-

247 4018 341 4089 ρὸς
380 4016 512 4088 λίθῳ
538 4016 894 4089 κροταφιαίαν
918 4016 1154 4088 πληγὴν,
1181 4015 1243 4069 οὐ
1278 4013 1477 4086 βαλὼν,
1502 4015 1618 4068 ἀλλ’
1645 4013 1839 4085 ὥσπερ

245 4109 355 4175 πὺξ
388 4107 641 4179 ὲνθορὼν.
697 4108 938 4162 Πεσόντα
989 4108 1046 4161 δὲ
1089 4108 1193 4178 ἤδη
1226 4104 1520 4177 περιδύσας
1561 4104 1630 4158 τά
1675 4103 1838 4169 ὅπλα,

248 4200 475 4267 συχνοὺς
509 4197 597 4251 ἐπ’
624 4197 772 4269 αὐτῷ
820 4197 1232 4268 κατείργασται.
1268 4195 1379 4249 Καὶ
1422 4195 1573 4258 ὅστις
1616 4194 1673 4248 δὲ
1716 4194 1828 4247 Ets-

248 4305 344 4357 ρος
381 4288 522 4359 ἀνὴρ
556 4288 760 4357 ἀγαθὸς
795 4287 974 4353 ἔδοξεν
1010 4290 1068 4341 ὲν
1097 4286 1175 4357 τῷ
1214 4286 1355 4350 τότε,
1396 4286 1642 4340 Φαῦστον
1663 4287 1841 4339 αίτια-

245 4380 369 4433 τέον
404 4380 511 4434 τῶν
548 4382 875 4452 γενομένων,
895 4381 990 4435 καὶ
1010 4376 1093 4444 οἷς
1132 4379 1326 4446 ἐποίει,
1349 4380 1444 4433 καὶ
1466 4373 1548 4444 οἷς
1574 4377 1723 4449 παρὰ
1746 4377 1840 4431 τὸν

1936 3201 2165 3264 vellent,
2213 3200 2475 3255 rusticam
2512 3199 2727 3269 plebem
2770 3208 3187 3263 convoeantes,
3236 3197 3422 3255 statim
3449 3202 3520 3258 ab

1932 3293 2110 3350 sacris
2149 3292 2323 3362 ipsis,
2369 3297 2522 3346 recta
2577 3289 2646 3345 ad
2678 3289 2866 3345 hostes
2902 3290 3222 3354 duxerunt,
3271 3289 3520 3362 fusisque

1934 3384 2002 3439 ad
2053 3382 2224 3439 Deum
2282 3383 2568 3452 precibus,
2614 3387 2884 3451 tr0pa3um
2933 3389 3228 3437 erexerunt
3278 3382 3336 3437 in
3371 3381 3520 3455 Myr-

1934 3474 2176 3531 sinitide.
2201 3472 2374 3529 Vallis
2402 3473 2517 3528 haec
2550 3472 2604 3527 in
2621 3471 2788 3543 259
2804 3471 3026 3542 longum
3051 3471 3282 3538 directa,
3308 3480 3364 3528 et
3390 3456 3521 3544 pro;

1934 3566 2134 3634 funda,
2171 3581 2237 3622 ac
2280 3565 2434 3621 silvis
2464 3566 2778 3631 condensa;
2825 3563 3042 3620 barbari
3083 3570 3311 3630 autem,
3366 3564 3520 3636 quod

1935 3657 2072 3713 nihil
2117 3658 2221 3713 sibi
2279 3655 2563 3712 hostilium
2603 3654 2944 3712 occurrisset
2995 3671 3309 3722 armorum,
3351 3657 3518 3713 etiam

1937 3748 2199 3804 audacter
2224 3758 2391 3803 erant
2421 3746 2676 3817 ingressi.
2714 3745 2821 3801 Sed
2851 3746 3115 3803 oﬂ‘ensuri
3147 3747 3336 3818 utique
3360 3754 3522 3801 erant

1938 3841 2248 3895 animosum
2276 3842 2279 3843 ⁷
2309 3854 2375 3894 ac
2412 3846 2699 3893 strenuum
2747 3836 3009 3893 Faustum
3034 3877 3054 3907 ,
3108 3838 3205 3909 qui
3240 3839 3294 3893 in
3340 3840 3518 3896 sacris

1938 3930 2156 3986 diaconi
2193 3944 2418 3988 munere
2449 3928 2715 4000 fungitur.
2746 3927 2844 3983 llic
2874 3928 2966 3984 ille
2999 3936 3085 3985 est
3132 3929 3226 3999 qui
3269 3929 3521 4003 princeps

1940 4030 2211 4078 armatum
2238 4021 2464 4077 militem
2496 4020 2726 4076 inermis
2751 4019 2966 4089 excepit
3014 4038 3027 4075 :
3069 4035 3231 4090 quem
3260 4022 3520 4077 cominus

1940 4114 2124 4186 lapide
2152 4113 2389 4184 tempori
2443 4113 2589 4169 illiso
2640 4110 2829 4177 feriit,
2887 4128 2995 4168 non
3018 4121 3080 4169 ut
3118 4129 3242 4179 eum
3284 4114 3519 4184 jaceret,

1941 4205 2037 4261 sed
2091 4214 2150 4259 ut
2198 4204 2354 4275 quasi
2396 4203 2594 4276 pugnis
2637 4201 2856 4260 infestis
2884 4205 3138 4261 insiliret.
3195 4205 3316 4272 Quo
3342 4248 3359 4275 ,
3392 4221 3519 4261 cum

1940 4298 2265 4363 cecidisset,
2313 4296 2483 4352 armis
2507 4296 2783 4367 spoliato,
2828 4296 3101 4368 plurimos
3146 4314 3313 4368 super
3365 4300 3519 4354 illum

1942 4389 2266 4459 prostravit.
2299 4387 2377 4442 Ac
2411 4387 2459 4443 si
2493 4386 2621 4458 quis
2668 4387 2811 4443 alius
2846 4387 2899 4443 id
2942 4389 3206 4459 temporis
3253 4388 3412 4447 fortis
3435 4392 3523 4445 vir

246 4473 439 4544 καιρὸν
465 4472 782 4543 ἐφθέγγετο.
816 4472 954 4542 Ἐγὼ
968 4472 1024 4526 δὲ
1053 4472 1146 4526 καὶ
1177 4472 1418 4536 ἅπαντας
1440 4473 1565 4536 τοὺς
1593 4486 1830 4542 παραγε-

1943 4497 2064 4536 esse
2094 4481 2247 4535 visus
2292 4487 2419 4544 est,
2475 4478 2569 4533 uni
2622 4476 2830 4535 Fausto
2874 4480 2952 4536 rei
3000 4482 3170 4536 totius
3214 4482 3388 4552 gloria
3420 4483 3523 4538 tri-

247 4565 506 4635 νομένους
523 4564 602 4632 τῷ
626 4564 972 4638 ἕργῳῆδιστα
986 4563 1054 4619 ἂν
1081 4562 1488 4635 στεφανώσαιμι
1517 4564 1611 4617 καὶ¹
1630 4565 1838 4633 ἀνακη-

249 4656 494 4727 ρύξαιμι.
522 4655 733 4727 Πρῶτοι
758 4656 867 4727 γὰρ
886 4656 1094 4727 ἥψαντο
1116 4655 1298 4710 καλῶν
1317 4656 1512 4727 ἔργων,
1540 4654 1706 4721 δεῖξαι
1730 4656 1840 4717 τοῖς

248 4748 820 4819 καταπεπληγμένοις,
850 4749 930 4802 ὅτι
955 4748 1028 4821 μὴ
1053 4746 1396 4820 Κορύϐαντές
1426 4748 1551 4809 εἱσι,
1580 4744 1711 4815 μηδὲ
1732 4744 1841 4796 τῶν

249 4842 403 4911 παρᾶ
435 4842 533 4913 τὴν
571 4842 726 4896 Ῥέαν
755 4841 1042 4911 δαιμόνων,
1071 4839 1184 4893 ἀλλ’
1223 4838 1502 4909 ἄνθρωποι
1552 4837 1647 4889 καὶ
1696 4852 1828 4905 τρω·

248 4934 355 4997 τοὶ,
387 4935 481 4986 καὶ
508 4934 712 5004 θνητοὶ,
739 4932 990 5003 καθάπερ
1019 4934 1198 5001 ἡμεῖς.
1231 4931 1295 4983 Εί
1338 4929 1394 4982 δὲ
1428 4926 1527 4981 καὶ
1558 4928 1719 4997 ἡμεῖς
1751 4927 1844 4981 ἀν-

249 5026 376 5095 δρες
403 5024 691 5095 γενοίμεθα
720 5023 778 5077 έν
815 5025 928 5086 τοῖς
959 5021 1240 5085 τοιούτοις,
1284 5020 1404 5073 οὐδὲ
1448 5018 1515 5073 τὰ
1565 5019 1844 5089 δευτερεῖα

250 5116 461 5184 γένοιτο
488 5116 555 5169 ἂν
579 5115 897 5185 ἀφιλότιμα.
932 5113 1103 5183 Τυχδν
1134 5113 1179 5166 δ’
1206 5112 1274 5166 ἂν
1308 5111 1402 5165 καὶ
1439 5113 1683 5182 πρωτεῖα
1715 5128 1843 5180 συγ-

251 5206 654 5278 χωρηθείημεν,
683 5208 732 5260 εί
761 5205 839 5277 μὴ
887 5205 1216 5277 λοχήσαντες
1263 5206 1323 5258 ἐν
1357 5202 1602 5275 φάραγγι
1644 5219 1838 5256 πεντε-

253 5300 482 5357 καίδεκα
518 5299 945 5372 προνομεύοντες
983 5299 1392 5371 εὐτυχήσαμεν,
1443 5297 1578 5352 ἀλλὰ
1622 5298 1839 5369 νομίμῳ

1935 4570 2153 4627 buenda
2177 4577 2283 4636 est,
2314 4585 2441 4626 cum
2475 4571 2546 4629 ob
2576 4587 2640 4627 ea
2667 4587 2789 4643 quae
2816 4571 3009 4643 gessit,
3038 4578 3153 4627 tum
3182 4573 3255 4628 ob
3302 4589 3366 4629 ea
3396 4590 3522 4645 qua:

1938 4676 2034 4733 per
2068 4673 2281 4741 tempus
2330 4658 2464 4714 illud
2498 4659 2654 4715 dixit.
2683 4660 2796 4733 Ego
2832 4675 2963 4716 vero
3011 4675 3202 4719 omnes
3239 4663 3364 4719 illos
3422 4663 3518 4733 qui

1938 4754 2018 4810 rei
2057 4752 2448 4815 interfuerunt,
2499 4752 2862 4808 libentissime
2904 4768 3252 4819 coronarem,
3285 4770 3346 4811 ac
3378 4770 3521 4825 pra}-

1939 4846 2097 4900 conis
2126 4860 2261 4900 voce
2319 4843 2696 4923 praedicarem.
2750 4842 2921 4898 Primi
2973 4845 3120 4900 enim
3175 4846 3518 4918 egregiorum

1940 4938 2249 4993 facinorum
2288 4946 2539 4992 auctores
2590 4951 2649 4992 se
2698 4938 3081 5007 prmbuerunt;
3120 4946 3182 4994 ut
3229 4939 3334 4994 hoc
3377 4947 3521 4994 atto-

1941 5030 2076 5085 nitis
2111 5045 2176 5084 ac
2211 5028 2510 5100 lymphatis
2539 5028 2660 5085 istis
2698 5030 3080 5093 ostenderent,
3129 5046 3241 5085 non
3270 5045 3367 5086 eos
3396 5044 3520 5086 esse

1940 5120 2305 5191 Cnrybantas,
2342 5134 2520 5189 neque
2540 5134 2608 5172 ex
2644 5117 2808 5174 Rhea:
2835 5119 3029 5174 matris
3060 5120 3288 5176 asseclis
3318 5119 3521 5175 daemo-

1940 5212 2138 5275 nibus,
2198 5210 2294 5268 sed
2354 5211 2608 5267 homines
2645 5225 2800 5281 atque
2851 5225 2917 5266 ac
2962 5226 3064 5267 nos
3093 5211 3415 5267 vulneribus
3455 5225 3521 5266 ac

1945 5303 2109 5358 morti
2141 5302 2431 5359 obnoxios.
2465 5301 2623 5373 Quod
2668 5305 2714 5357 si
2756 5303 2925 5359 etiam
2958 5318 3059 5361 nos
3103 5302 3207 5360 viri
3246 5316 3515 5360 essemus.

1494 5486 1679 5542 DION.
1712 5483 1987 5542 PETAVII
2025 5485 2257 5544 ΝΟΤιΕ.

329 5636 443 5713 L55)
488 5637 654 5713 Ther
684 5638 1663 5713 τοῖς,προτεμενίσμασιχςιιι·γεοει.
1696 5649 1837 5713 orat.

253 5706 291 5778 ρ
328 5704 399 5759 De
436 5710 641 5775 μωηὶι..
684 5718 725 5762 ι.
756 5708 821 5773 Yl
849 5704 979 5764 edit.
1006 5704 1218 5772 'SaviII,
1264 5726 1316 5778 p.
1361 5710 1461 5763 794
1493 5704 1509 5765 Ξ
1562 5713 1660 5766 Διά
1684 5712 1842 5766 τοῦτο

254 5774 448 5848 ὥσπερ
518 5779 570 5831 oi
631 5778 888 5853 λουτῆρες
947 5780 1133 5844 ὓδατος
1216 5774 1632 5853 πεπληςωμένοι
1688 5783 1845 5854 ἐστή-

1948 5660 2074 5697 κασι
2126 5642 2231 5728 πρὸ
2280 5643 2570 5716 [LXXXV]
2612 5642 2721 5697 τῶν
2752 5640 2930 5724 θυρῶν
2958 5638 3056 5762 si?
3087 5632 3402 5758 laurigeri“.
3434 5632 3522 5696 ἕνα

1948 5714 2108 5762 vitim:
2132 5730 2230 5762 τας
2264 5714 2449 5762 νεῖοάε
2479 5730 2592 5762 σοιν
2624 5713 2767 5762 οὕτω
2790 5728 2886 5762 της
2910 5709 3013 5762 ὲκκ
3045 5706 3203 5762 ησίας
3258 5704 3354 5762 ξω.
3383 5702 3520 5759 καθ-

1948 5714 2108 5785 νίψῃς
2132 5702 2230 5777 τὰς
2264 5702 2449 5783 χεῖράς
2479 5702 2592 5768 σούο
2624 5713 2767 5768 οὕτω
2790 5702 2886 5783 τῆς
2910 5702 3203 5780 ἐκκλησίας
3226 5702 3354 5774 ἔξω,
3383 5702 3520 5759 καθ-

1952 5784 2165 5851 έζονται
2196 5786 2246 5840 oi
2274 5785 2525 5856 πένητες.
2672 5800 2681 5805 ·
2866 5796 2871 5801 ·
2974 5795 2981 5800 ’
