3838 6236
421 298 568 363 ιωτ.

1489 316 1757 377 SYNESII
1801 321 2269 379 PTOLEMAIDIS
2304 320 2609 377 EPISCOPI

3557 319 3700 374 ιεοι

409 423 690 489 ejusmodi
723 427 776 480 iu
815 427 979 485 rebus
1007 444 1076 485 ne
1110 432 1367 488 secunda:
1408 436 1630 504 quidem
1674 446 1860 508 partes
1895 440 1953 495 bc

2095 438 2316 510 πολέμῳ
2358 436 2452 491 καὶ
2483 435 2833 506 φαινομέναις
2886 436 3258 507 παρασκευαῖς
3303 433 3504 504 πλήθει
3561 434 3697 504 προς

420 527 553 566 uore
576 524 847 570 carerent.
881 516 946 571 Et
974 517 1206 577 forsitan
1243 523 1327 579 vel
1362 525 1553 594 primae
1598 528 1994 596 tribuerentur,

2103 530 2306 600 πλῆθος
2329 527 2756 599 ἀγωνισαίμεθα.

408 601 468 653 si
509 618 637 668 non,
679 604 902 663 insidiis
932 608 987 663 in
1019 613 1269 669 convalle
1334 614 1662 685 dispositis,
1728 620 2040 689 quindecim
2115 629 2327 676 tantum
2378 619 2729 691 praedabundi
2784 617 2931 674 fenei
2975 632 3239 674 successu
3290 630 3696 689 pugnaremus,

407 691 513 748 sed
536 678 693 764 justo
719 700 1019 758 certamine
1048 718 1112 759 ac
1183 678 1477 764 manifesto
1537 678 1798 782 apparaiu
1840 715 2059 771 collatis
2092 716 2266 786 capiis
2305 714 2748 771 decerneremus.

906 833 1238 895 EPISTOLA
1277 841 1513 901 CXXIII.

1108 930 1313 990 Troito.

670 1033 728 1126 si.
749 1033 921 1126 Erebo
954 1040 1062 1094 vita
1091 1041 1395 1126 functorum
1430 1048 1919 1126 obliviaLtangant,

484 1101 611 1157 Illic
649 1106 728 1159 νει
765 1108 916 1163 citari
951 1101 1130 1176 potero
1167 1101 1476 1175 meminisse
1490 1101 1709 1179 έὸὶιξὶιίέςῖ

482 1193 625 1251 Sunt
657 1196 735 1252 ini
759 1198 984 1269 quidem
1019 1206 1089 1259 ab
1122 1204 1361 1264 Homero
1389 1226 1584 1270 versus
1618 1217 1810 1287 scripti
1840 1236 1854 1286 ;
1892 1221 1988 1275 sed
2024 1240 2032 1249 τ

407 1300 602 1343 eorum
644 1304 847 1348 sensus
887 1296 1078 1351 nescio
1118 1312 1188 1353 an
1223 1300 1292 1355 ab
1325 1301 1535 1361 Achille
1567 1309 1752 1377 potius
1778 1312 1845 1366 de
1879 1312 1983 1366 Pa.

2627 853 2971 906 ΕΠΙΣΤΟΔΗ
3004 851 3174 905 PKI".

2765 946 3015 1013 Τρωτλῳ.

2161 1055 2226 1109 El
2258 1053 2325 1108 δὲ
2375 1055 2681 1124 θανόντων
2716 1070 2826 1124 περ
2858 1055 3249 1121 καταλήθοντ’
3282 1054 3373 1107 ειν
3410 1051 3597 1124 ἀΐδαο
3622 1095 3637 1116 ,

2165 1125 2364 1193 Αὐτὰρ
2393 1122 2507 1195 ἐγὼ
2544 1122 2996 1193 κάκεῖθιήφίλου
3031 1124 3371 1194 μεμνήσομ’
3416 1123 3690 1190 ἑταίρου.

2174 1214 2399 1285 Ὁμήρῳ
2428 1216 2525 1285 μὲν
2550 1215 2882 1285 ἐποιήθησαν
2916 1215 2966 1268 οἱ
3006 1214 3181 1285 στίχοι
3205 1255 3220 1281 ,
3262 1215 3290 1266 ὁ
3324 1214 3383 1267 δὲ
3420 1211 3553 1275 νοῦς
3589 1213 3693 1265 αὐ-

2086 1305 2198 1359 τῶν
2241 1309 2339 1360 οὐκ
2392 1303 2509 1361 οἴδα
2552 1310 2600 1361 εί
2647 1307 2883 1378 ’Λχιλλεῖ
2930 1308 3059 1378 περὶ
3108 1307 3423 1379 Πατρόκλου
3478 1306 3690 1375 μᾶλλον

398 1375 583 1431 {roclo
632 1394 795 1450 quam
830 1398 861 1435 a
918 1400 1005 1442 me
1036 1386 1104 1443 de
1133 1398 1186 1445 te
1216 1375 1589 1464 amicissimo,
1631 1412 1695 1454 ac
1737 1402 1953 1458 benefici

405 1469 587 1501 onn:In
647 1476 900 1501 ..-........_:
942 1482 1130 1501 ...-_:.-
1172 1496 1263 1501 μη
1308 1486 1341 1501 ο.
1404 1488 1446 1501 Α
1584 1490 1596 1501 .
1718 1494 1768 1501 .-

2083 1397 2232 1463 ἄξιος
2290 1399 2541 1469 είρῆσθαι
2590 1399 2623 1471 ἢ
2670 1375 2795 1470 ἐμοὶ
2862 1375 3135 1472 περὶ.-σοῦ
3309 1397 3577 1468 φιλτάτης
3628 1414 3688 1501 τε

405 1469 617 1539 capite,
647 1476 902 1544 usurpari
942 1482 1137 1535 merito
1171 1486 1883 1562 possit.AQuandoquidem,
1922 1514 1953 1550 ιι

2083 1493 2178 1547 κα)⁵
2211 1493 2549 1565 εὐεργέτιδος
2590 1469 2853 1563 κεφαλῆς.
2899 1469 2987 1557 Ὦς
3022 1492 3133 1560 ἐγὼ
3190 1491 3444 1563 μάρτυρα
3493 1488 3688 1543 ποιοῦ-

393 1561 564 1616 ιιρςιίε
591 1570 677 1619 est
704 1566 836 1620 mihi
871 1566 1015 1625 Deus
1034 1612 1049 1635 ,
1076 1589 1239 1643 quem
1273 1576 1617 1650 philosophia
1650 1561 1815 1653 colit,
1840 1597 1953 1641 S‘at‘J

2086 1604 2184 1657 μαι
2214 1561 2379 1650 θεδν,
2429 1586 2487 1639 ὃν
2542 1561 2830 1655 φιλοσοφία
2864 1585 3157 1656 πρεσϐεύει
3180 1561 3200 1647 ,ν
3228 1561 3328 1654 τῆς
3369 1584 3525 1653 ἱερᾶς
3557 1598 3683 1645 σου,

392 1650 483 1704 ειιιί
526 1665 592 1708 ac
642 1660 959 1715 suavissimi
997 1664 1165 1719 animi
1202 1666 1423 1722 infixam
1462 1672 1753 1744 imaginem
1803 1679 1953 1733 medii

2078 1650 2180 1733 καὶ
2212 1679 2471 1748 γλυκείας
2496 1650 2672 1749 ψυχῆς
2717 1650 2810 1732 ἐπὶ
2845 1650 3019 1749 μέσης
3048 1650 3294 1749 καρδίας*
3314 1650 3541 1744 ἄγαλμα
3580 1690 3684 1726 πε-

400 1740 456 1795 in
487 1743 657 1800 corde
685 1745 1025 1806 circumfero
1046 1791 1061 1816 ,
1094 1760 1149 1809 et
1176 1757 1403 1814 auribus
1432 1740 1735 1818 etiamnum
1763 1767 1857 1821 illa
1893 1785 1982 1823 sa-

397 1831 866 1899 pientissimorum
916 1849 1141 1898 tuorum
1198 1861 1515 1906 sermonum
1574 1869 1680 1909 vox
1736 1856 1976 1915 insonat.

386 1922 532 1979 Cum
565 1937 747 1984 autem
785 1946 855 1987 ex
898 1932 1136 2006 Egypto
1182 1938 1239 1993 in
1281 1942 1519 2010 patriam
1549 1945 1840 2003 rediissem
1869 1992 1885 2015 ,
1915 1967 1979 2007 ac

390 2013 630 2072 duorum
675 2035 948 2078 annorum
999 2027 1167 2082 simul
1213 2031 1477 2102 epistolas
1520 2037 1808 2108 legissem,
1856 2057 1975 2096 ma-

390 2122 555 2174 gnam
585 2111 839 2182 equidem
868 2114 922 2169 in
958 2117 1170 2175 litteras
1203 2122 1310 2176 vim
1342 2125 1705 2197 lacrymarum
1736 2132 1974 2201 profudi.

388 2197 510 2254 Non
552 2209 664 2257 tam
705 2206 853 2261 enim
876 2247 892 2271 ,
937 2211 1082 2279 quod
1115 2220 1167 2267 te
1190 2228 1290 2284 per
1322 2216 1536 2275 litteras
1566 2197 1977 2291 quodammodo

380 2289 620 2359 fruerer,
654 2297 792 2352 mihi
820 2301 1156 2371 voluptatem
1190 2305 1484 2376 afferebat,
1515 2289 1679 2382 quam
1714 2315 1847 2371 illud
1878 2317 1976 2372 do-

383 2385 506 2463 lore
534 2386 838 2459 alliciebat,
868 2393 1035 2467 360
1070 2412 1197 2453 cum
1238 2415 1306 2455 ex
1355 2405 1581 2476 scriptis
1623 2408 1735 2464 tuis
1776 2409 1973 2468 litteris

379 2488 709 2545 prasentem
740 2498 805 2538 ac
833 2485 1011 2541 vivam
1043 2489 1097 2543 in
1129 2492 1372 2548 animum
1401 2499 1857 2556 consuetudinem
1889 2520 1974 2559 re-

378 2581 682 2640 vocat-em;
734 2577 1050 2646 cuiusmodi
1103 2585 1316 2642 scilicet
1364 2596 1417 2644 et
1459 2592 1640 2647 amico
1683 2595 1883 2661 simul,
1916 2605 1972 2653 et

374 2671 514 2716 vere
544 2673 773 2732 parente
800 2670 927 2726 vivo
959 2687 1140 2730 essem
1189 2679 1440 2737 orbatus.
1490 2680 1752 2741 Libenter
1800 2688 1971 2758 igitur

380 2752 633 2818 graviora
684 2772 784 2827 pro
835 2764 1013 2832 patria
1062 2770 1369 2825 certamina
1418 2772 1646 2829 subeam
1674 2752 1859 2842 ,ωειιῖ
1908 2790 1970 2836 ιιι

378 2839 577 2897 iterum
604 2848 963 2916 profectionis
979 2859 1202 2914 occasio
1228 2863 1555 2931 praebeatur.
1574 2839 1714 2922 Num
1736 2872 1963 2939 quando

376 2941 681 3003 conspectu
717 2943 813 2993 tuo
837 2943 1113 3011 perfruar,
1144 2944 1307 3002 l‘ater
1333 2965 1460 3005 vere
1500 2954 1967 3022 germanissime?

374 3032 508 3076 num
538 3026 758 3095 quando
799 3043 1019 3088 sacrum
1056 3043 1209 3091 tuum
1253 3048 1421 3109 caput
1456 3042 1801 3113 amplectar?
1832 3062 1962 3101 num

370 3114 594 3170 Concilii
630 3127 855 3189 propter
908 3132 961 3180 te
1002 3127 1146 3182 beati
1193 3132 1470 3203 particeps
1516 3136 1657 3191 ero?
1707 3137 1761 3191 Si
1811 3139 1957 3194 enim

370 3217 437 3256 ca
468 3204 599 3261 mihi
634 3209 892 3270 obtinere
921 3219 1252 3291 contigerit,
1303 3223 1535 3279 efficiam
1581 3227 1865 3297 profecto,
1899 3238 1960 3284 ut

2087 1773 2317 1843 ριφέρω,
2352 1772 2447 1825 καὶ
2477 1771 2745 1842 ὲμϐομϐεῖ
2784 1788 2885 1841 μου
2929 1771 3047 1833 ταῖς
3085 1770 3277 1832 ἀκοαῖς
3311 1769 3343 1839 ἡ
3377 1767 3679 1837 Θαυμαστή

2086 1880 2180 1916 σου
2206 1862 2313 1917 τῶν
2345 1863 2522 1933 σοφῶν
2560 1862 2735 1931 λόγων
2779 1861 2916 1933 ἠχώ.
2948 1860 3027 1933 Τῇ
3061 1859 3270 1931 πατρίδι
3299 1858 3356 1912 δὲ
3397 1858 3679 1929 ἐπιδημή-

2084 1971 2185 2018 σας
2216 1954 2325 2009 ἀπὸ
2355 1954 2454 2025 τῆς
2495 1952 2773 2022 Αἰγύπτου
2799 1993 2815 2018 ,
2845 1952 2940 2006 καὶ
2968 1951 3115 2004 δυοῖν
3154 1949 3416 2004 ἐνιαυτῶν
3448 1951 3676 2004 ἐπιστο-

2078 2046 2178 2110 λάς
2224 2046 2342 2116 ἅμα
2395 2045 2761 2116 ἀνεγνωκὼς,
2805 2045 3011 2115 πλῆθος
3050 2042 3176 2098 ὅσον
3238 2043 3494 2115 δακρύων
3539 2061 3678 2097 κατ-

2079 2139 2309 2191 έσπεισα
2349 2138 2459 2191 τῶν
2487 2138 2852 2210 γραμμάτων.
2894 2136 2971 2191 Οὐ
3012 2136 3121 2206 γὰρ
3147 2131 3229 2199 οἷς
3259 2136 3533 2189 ἀπέλαυον
3572 2153 3677 2189 σου

2077 2230 2165 2284 διὰ
2186 2230 2292 2285 τῶν
2320 2229 2724 2302 γεγραμμένων
2753 2228 2991 2300 ήδόμην“
3031 2227 3145 2281 ἀλλ’
3179 2225 3427 2299 ⁴ἠνιώμην
3462 2227 3677 2297 ἀναφέ-

2082 2337 2190 2391 ρων
2211 2320 2319 2374 ἀπὸ
2339 2320 2446 2374 τῶν
2479 2319 2881 2391 γεγραμμένων
2910 2318 3010 2389 τὴν
3052 2318 3295 2389 ἔμψυχόν
3336 2335 3429 2371 σου
3469 2335 3673 2371 συνου-

2079 2411 2199 2465 σίαν
2220 2451 2236 2475 ,
2283 2412 2397 2464 οἴου
2448 2411 2602 2480 φίλου
2630 2426 2693 2464 »τε
2728 2409 2845 2480 ἅμα
2892 2409 2986 2463 καὶ
3017 2413 3223 2479 πατρὸς
3257 2409 3428 2473 ὅντως
3458 2408 3673 2473 ζῶντος

2076 2502 2388 2574 στεροίμην.
2463 2501 2736 2572 Δεξαίμην
2787 2497 2881 2554 οὖν
2933 2500 3001 2584 ἂν
3058 2500 3389 2572 βαρυτέρους
3439 2501 3671 2569 ἀγῶνας

2074 2594 2214 2666 ὑπὲρ
2257 2595 2355 2663 τῆς
2379 2594 2635 2665 πατρίδος
2668 2591 2979 2663 ἐθελοντὴς,
3017 2592 3104 2645 ἴνα
3127 2610 3218 2662 μοι
3249 2592 3462 2661 γένοιτο
3498 2591 3666 2644 πάλιν

2075 2686 2346 2757 πρόφασις
2382 2686 2710 2757 ἀποδημίας.
2739 2680 2889 2757 Ἀρά
2933 2684 2994 2738 σέ
3036 2701 3167 2737 ποτε
3201 2684 3403 2754 ὄψομαι
3427 2722 3443 2747 ,
3476 2684 3661 2752 Πάτε(

2070 2775 2288 2845 ἀληθῶς
2316 2776 2653 2847 γνησιώτατε
2682 2793 2696 2841 ;
2729 2771 2839 2847 ἆρά
2879 2793 3009 2830 ποτε
3035 2774 3134 2846 τὴν
3163 2775 3315 2846 ἱεράν
3354 2792 3450 2827 σου
3484 2792 3653 2843 κεφα-

2068 2866 2167 2937 λὴν
2214 2864 2614 2938 περιπτύξομαι
2644 2886 2659 2935 ;
2699 2863 2809 2938 ἆρα
2846 2866 3056 2937 μεθέξω
3091 2865 3185 2919 τοῦ
3217 2866 3495 2939 συνεδρίου
3516 2905 3532 2930 ,
3564 2867 3653 2919 to?

2067 2955 2157 3011 διά
2196 2957 2260 3010 σὲ
2289 2958 2593 3029 μακαρίου;
2626 2958 2688 3010 Ei
2716 2958 2824 3029 γὰρ
2853 2957 3063 3026 γένοιτό
3100 2974 3190 3027 μοι
3219 2956 3425 3009 τούτων
3448 2960 3640 3027 τυχεῖν

2067 3049 2335 3113 ἀποδείξω
2389 3050 2587 3121 μηκέτι
2643 3049 2811 3121 μῦοον
2867 3050 2995 3105 ὄντα
3047 3049 3140 3103 τὸν
3187 3049 3281 3102 ἐπὶ
3342 3049 3530 3102 Αίσονι
3580 3052 3663 3121 τῲ

2066 3138 2319 3211 Θετταλῷ
2361 3139 2551 3209 λόγον,
2585 3141 2644 3196 ὃν
2675 3157 2837 3210 φασιν
2873 3142 2931 3194 αῖ
2960 3141 3207 3209 ποιήσεις
3245 3140 3327 3204 δίς
3354 3140 3662 3211 ἀνηϐῆσαι,

2066 3230 2184 3285 νέον
2214 3231 2278 3283 ὲκ
2305 3232 2676 3302 πρεσϐυτέρου
2710 3234 3001 3306 γενόμενον

364 3301 483 3373 jam
512 3293 697 3354 fabula
727 3316 837 3357 non
886 3304 996 3371 sit,
1030 3309 1177 3377 quod
1216 3310 1284 3367 de
1320 3312 1534 3369 Esone
1571 3293 2123 3387 Thessalo'dicitur;
2155 3334 2316 3389 quem
2349 3293 2434 3377 bis
2495 3293 2758 3393 puberem
2827 3293 3002 3381 fuisse
3067 3333 3355 3397 poetarum
3401 3326 3661 3381 carmina

369 3386 705 3459 praedicant,
759 3410 886 3452 cum
940 3414 1008 3453 ex
1060 3415 1193 3457 sene
1250 3416 1473 3474 repente
1525 3418 1674 3465 esset
1728 3411 1950 3482 juvenis
1990 3411 2191 3469 factus.

863 3508 1203 3570 EPISTOLA
1241 3516 1479 3575 CXXIV.

820 3604 1177 3674 Philosophia:
1205 3608 1261 3663 Μ
1267 3612 1502 3681 agistrte.

434 3687 595 3757 Quod
625 3692 673 3745 si
708 3686 879 3748 Erebo
905 3695 1018 3777 fita
1051 3697 1357 3766 functorum
1401 3703 1595 3759 oblivia
1624 3715 1879 3777 tangant,

437 3779 506 3832 At
532 3795 635 3849 ego
665 3781 776 3837 illic
794 3783 877 3838 vel
895 3769 1077 3861 hanc
1104 3798 1299 3858 potero
1331 3795 1653 3851 meminisse
1685 3769 1948 3868 llypatize.

2569 3531 2920 3585 ΕΠΙΣΤΟΛΗ
2957 3532 3128 3587 PKA'.

2632 3622 2712 3691 Τῇ
2733 3625 3050 3693 φιλοσόφῳ

2134 3715 2202 3769 Et
2232 3714 2301 3768 δὲ
2322 3718 2627 3771 θανόντων
2659 3730 2771 3783 περ
2799 3714 3196 3782 καταλήθοντ’
3223 3718 3315 3769 air
3346 3718 3543 3774 ἀΐδαο.

2128 3807 2315 3879 Δύτάρ
2351 3808 2464 3877 ἐγὼ
2489 3808 2703 3862 κάκεῖθι
2732 3808 2749 3879 l
2777 3826 2868 3877 ῃο.
2906 3807 3064 3861 κάκεῖ
3090 3806 3108 3879 ]
3141 3808 3239 3878 τῆς
3267 3809 3432 3880 φίλης
3466 3799 3649 3865 Ὗπιο

367 3868 508 3941 Ego,
542 3872 762 3944 inquatn
784 3915 799 3940 ,
832 3878 1026 3947 patria:
1058 3882 1221 3937 malis
1267 3884 1673 3955 circumfusus,
1726 3892 1953 3962 ejusque

2074 3896 2173 3960 πίας
2226 3868 2597 3970 μέμνησομαι.
2637 3868 2854 3967 Ἐγιωγέ
2885 3915 2966 3951 τοι
3001 3868 3113 3961 τοῖς
3135 3868 3335 3953 nalis-at
3380 3868 3484 3970 της
3536 3919 3643 3956 πα-

360 3970 665 4032 pertaasus,
710 3981 835 4022 cum
885 3968 1111 4025 hostilia
1160 3972 1217 4027 in
1266 3973 1387 4032 dies
1429 3993 1582 4033 arma
1630 3980 1866 4045 videam,
1897 3991 1951 4038 et

2074 3986 2228 4058 τρίδος
2273 3968 2661 4060 περιεχόμενος
2684 4028 2701 4053 ,
2752 3988 2846 4043 καὶ
2896 3990 3259 4060 δυσχεραίνων
3305 3968 3477 4063 αὐτην
3500 4033 3517 4056 ,
3552 3994 3639 4061 ἐφ’

362 4053 613 4112 homines
653 4061 925 4128 pecudum
961 4063 1135 4121 instar
1159 4066 1482 4138 jugulatos,
1513 4086 1805 4143 acremque
1841 4084 1948 4129 tra-

361 4144 484 4200 ham
518 4162 583 4202 ex
619 4149 744 4205 tabe
773 4167 1069 4224 corporum
1104 4157 1368 4216 infectum
1395 4201 1410 4225 ,
1449 4171 1617 4234 atque
1654 4167 1771 4235 ipse
1809 4184 1945 4223 con-

2047 4070 2129 4140 οἷς
2170 4077 2281 4149 ὁρῶ
2316 4079 2635 4152 καθημέραν
2664 4079 2807 4134 ὅπλα
2845 4078 3114 4150 πολέμια,
3143 4079 3240 4135 καὶ
3286 4081 3636 4149 ἀποσφαττο-

2047 4169 2242 4239 μένους
2265 4168 2614 4241 ἀνθρώπως.
2657 4168 2847 4242 ὥσπερ
2879 4172 3081 4242 ίερεῖα,
3131 4172 3227 4225 καὶ⁸
3255 4171 3346 4226 τὸν
3382 4173 3523 4245 ἀέρα
3553 4174 3636 4226 δι-

355 4238 563 4294 similia
596 4242 843 4312 quaedam
880 4248 1196 4318 prOpediem
1229 4262 1582 4322 exspectem:
1608 4255 1763 4326 (quis
1795 4260 1943 4314 enim

2074 4238 2383 4331 φθαρμένον
2410 4260 2583 4316 ἕλκων
2597 4261 2705 4315 ἀπὸ
2730 4238 2830 4333 τῆς
2858 4238 3073 4332 σήψεως
3096 4263 3205 4317 τῶν
3228 4238 3517 4336 σωμάτων,
3538 4268 3634 4321 καὶ

354 4323 499 4382 bene
528 4344 750 4399 sperare
772 4340 988 4402 potest,
1015 4350 1139 4391 cum
1164 4346 1219 4393 et
1240 4342 1385 4397 aeris
1415 4343 1592 4412 ipsius
1618 4323 1945 4403 tristissima

2074 4323 2403 4423 ’ἕτερα
2450 4352 2674 4406 τοιαῦτα
2709 4323 2920 4407 παδεῖνν
2941 4323 3258 4425 προσδοκῶν
3290 4323 3459 4426 ’.(τίς
3502 4323 3628 4428 ’γὰρ

357 4416 432 4471 sit
476 4417 680 4487 facies,
715 4423 812 4493 qui
870 4428 1289 4486 carnivorarum
1344 4433 1525 4489 avium
1577 4438 1769 4493 umbra
1813 4441 1945 4496 sub-

356 4510 643 4585 texitur?)
666 4524 719 4571 et
741 4516 1107 4580 nihilominus
1140 4523 1285 4580 inter
1308 4525 1423 4582 haec
1450 4528 1500 4583 ei
1534 4529 1653 4585 loco
1687 4531 1790 4587 sim
1823 4532 1941 4586 alli-

2039 4438 2258 4506 εὐελπις
2282 4484 2298 4509 ,
2332 4443 2391 4497 ὲν
2414 4434 2459 4510 ᾧ
2501 4443 2596 4496 καὶ
2628 4443 2691 4496 τὸ
2725 4443 2978 4515 περιέχον
3018 4445 3139 4498 ἐστὶ
3185 4447 3624 4517 κατηφέστατον,

2039 4534 2470 4607 κατειλημμένον
2507 4537 2576 4606 τῇ
2622 4536 2750 4607 σκιᾷ
2785 4535 2896 4590 τῶν
2940 4536 3304 4607 σαρκοφάγων
3342 4538 3623 4609 ὀρνέων;)

353 4616 478 4658 xus.
512 4603 653 4671 Quid
692 4609 840 4663 enim
877 4625 1140 4681 possum,
1189 4631 1315 4672 cum
1362 4617 1600 4691 Libycus
1639 4624 1779 4687 sim,
1826 4626 1937 4681 illic

2076 4624 2173 4678 λλά
2214 4603 2426 4679 καὶ-ἐπὶ
2463 4603 2672 4690 τούτοις
2712 4603 3048 4698 ιριλοχωρῶν.
3087 4603 3152 4680 Τί
3186 4603 3296 4700 γὰρ
3318 4603 3411 4683 καὶ

352 4690 568 4761 editus,
611 4703 667 4750 et
710 4712 941 4755 avorum
977 4716 1084 4758 non
1118 4704 1378 4774 ignobilia
1428 4690 1681 4779 sepulcra
1729 4713 1933 4769 ibidem

2038 4716 2203 4781 Λίϐυς
2232 4716 2330 4781 ὣν,
2359 4718 2452 4771 καὶ
2496 4717 2727 4771 ἐνταῦθα
2752 4718 3044 4788 γενόμενος
3068 4758 3083 4783 ,
3118 4719 3342 4774 καὶτῶν
3374 4721 3625 4775 πάππων

351 4785 676 4855 aspiciens?
706 4788 938 4864 Propter
966 4805 1019 4851 te
1051 4813 1215 4851 unam
1240 4838 1256 4862 ,
1293 4801 1530 4870 patriam
1576 4804 1707 4861 mihi
1743 4820 1937 4877 asper-

2074 4808 2160 4870 οὐς
2214 4808 2416 4878 τάφους
2448 4808 2547 4862 οὐκ
2578 4810 2809 4878 ἀτίμους
2854 4785 3034 4879 ὀρῶν,
3089 4810 3187 4863 Διά
3232 4811 3292 4864 σέ
3333 4831 3423 4883 μοι
3477 4813 3627 4867 δοκῶ

350 4872 586 4934 naturus
623 4882 834 4950 videor,
868 4895 923 4941 et
964 4890 1377 4961 quamprimum
1419 4895 1591 4949 otium
1644 4872 1933 4969 suppetet,

347 4967 785 5044 deutigraturus.

853 5083 1191 5147 ΕΡιετοιΑ
1227 5092 1442 5153 CXXV.

1037 5178 1246 5237 Fratri.

417 5258 618 5318 Misere
647 5260 755 5319 hoc
787 5265 909 5337 ipso
938 5270 1227 5327 nobiscum
1273 5274 1474 5346 agitur,
1504 5280 1653 5349 quod
1698 5281 1932 5341 infelici-

342 5346 449 5405 bus
485 5352 695 5410 uuntiis
730 5356 1114 5426 abundamus,
1164 5378 1303 5433 quos
1354 5346 1589 5424 invicem
1643 5376 1929 5430 transmit-

342 5449 548 5499 tamus.
594 5444 738 5503 Ecce
777 5449 923 5504 enim
962 5452 1076 5519 jam
1120 5453 1355 5512 Battiam
1397 5461 1710 5532 depopulati
1751 5477 1921 5536 sunt;

341 5542 397 5589 ct
429 5536 487 5590 in
520 5538 833 5611 Aprosylim
861 5556 1221 5601 excurrerunt
1248 5566 1263 5614 ;
1314 5564 1473 5608 areas
1512 5554 1916 5627 incenderunt;

343 5639 504 5688 agros
528 5635 845 5698 vastarunt;
873 5633 1133 5690 mulieres
1162 5636 1216 5690 in
1243 5641 1563 5699 servitutem
1591 5648 1917 5719 abegerunt.

2036 4897 2204 4970 μόνην
2238 4899 2608 4971 ὐπερόψεσθαι
2636 4900 2735 4970 τῆς
2769 4901 3052 4973 πατρίδος,
3081 4901 3183 4957 κᾶν
3204 4902 3460 4976 λάϐωμαι
3496 4924 3630 4979 σχημ-

2030 4986 2129 5059 λῆς
2154 5030 2169 5055 ,
2200 4991 2672 5060 μεταναστεύσειν.

2537 5106 2885 5160 ΕΠΙΣΤΟΛΗ
2943 5106 3114 5161 PKE'.

2627 5196 2711 5263 τῷ
2757 5197 3017 5268 ἀδελφῷ.

2098 5288 2511 5360 Δυπυχοῦμεν,
2537 5282 2620 5354 οἷς
2668 5290 3010 5361 εὐποροῦμεν
3039 5290 3305 5360 πονηραῖς
3344 5288 3619 5359 ἀλλήλους

2026 5380 2306 5449 ἀγγελίαις
2348 5381 2693 5454 ἀμείϐεσθαι.
2739 5383 2870 5435 Ἰδοὺ
2918 5381 3026 5452 γὰρ
3067 5382 3162 5435 καὶ
3191 5381 3430 5433 Βαττίαν
3474 5379 3497 5453 Ῐ
3520 5398 3610 5449 π).

2027 5471 2330 5545 Βαττείαν]
2381 5473 2737 5543 έπενείμαντο
2762 5510 2778 5536 ,
2817 5471 2914 5525 καὶ
2954 5470 3335 5541 Ἀπροσύλεως
3375 5470 3609 5541 ἥψαντο,

2027 5562 2120 5615 καὶ
2150 5562 2293 5626 ἆλως
2320 5562 2645 5635 ἐνέπρησαν,
2679 5561 2773 5616 καὶ
2810 5562 2913 5632 γῆν
2939 5561 3268 5634 έδῃώσαντο,
3299 5561 3397 5615 καὶ
3423 5563 3612 5629 γυναῖ-

2026 5667 2129 5713 κας
2180 5651 2654 5722 ἠνδραποδίσαντο.
2696 5650 2966 5722 ’Δρῤένων
3018 5650 3074 5703 δὲ
3129 5650 3362 5721 οὐδεμία
3412 5650 3607 5720 φειδώ.

343 5713 595 5783 Naribus
616 5719 762 5779 enim
793 5737 1143 5795 nequaquam
1181 5732 1470 5800 parcitur:
1504 5713 1726 5799 tametsi
1758 5751 1920 5802 antea

2074 5741 2219 5797 ,αίτοι
2264 5744 2527 5817 πρότερον
2576 5742 2856 5799 εἰώθεισαν
2912 5743 3146 5814 ζωγρεῖν
3196 5741 3268 5797 τά
3320 5743 3609 5815 παιδάρια.
