3838 6236
195 245 335 301 1505

1286 236 1671 297 EPISTOLIE.
1709 270 1781 284 --
1818 238 2037 299 EPIST.
2073 242 2310 302 CXXVI.

3328 256 3476 315 {506

203 365 365 419 Ἀλλὰ
387 363 504 429 νῦν,
532 360 707 435 οἶμαι,
735 363 826 417 τὸν
844 363 1080 436 ἀριθμὸν
1108 362 1367 428 ἐλάττους
1392 365 1572 417 ἴσασιν
1601 362 1765 427 ὄντες.

1883 363 2038 419 vivos
2065 381 2277 436 capere
2299 368 2561 438 puerulos
2589 370 2850 428 solerent.
2889 370 2996 430 Sed
3029 388 3178 430 nunc
3202 414 3217 441 ,
3249 374 3465 444 Opinor,

188 456 224 527 ᾗ
255 456 396 511 ὥστε
426 457 615 529 νέμειν
652 460 721 529 τῇ
750 457 870 528 λείᾳ
902 458 1151 527 φύλακας
1176 456 1403 527 συχνοὺς
1422 496 1437 520 ,
1464 455 1560 510 καὶ
1588 456 1778 527 ἀρκεῖν

189 550 302 611 τοῖς
349 547 694 618 λειπομένοις
746 547 823 610 ὡς
885 549 978 601 ἐπὶ
1028 547 1267 617 πόλεμον
1317 548 1371 600 εἴ
1415 564 1501 610 τις
1550 545 1773 615 ἐπεξίοι.

203 638 388 709 Ἦμῶν
437 637 495 690 δὲ
544 637 722 700 οὐδεὶς
769 638 1095 705 ἀγανακτεῖ’
1128 636 1243 689 ἀλλ’
1284 636 1422 688 οἴκοι
1468 633 1775 705 καθήμεθα,

188 730 288 800 τὴν
323 728 549 800 συκίνην
587 728 910 800 ἐπικουρίαν
956 728 1081 791 τούς
1112 725 1449 798 στρατιώτας
1480 726 1775 796 προσδεχό-

193 837 366 889 μενοι,
394 821 490 872 καὶ
523 819 585 872 τὸ
622 818 930 889 σιτηρέσιον
954 857 969 879 ,
1015 817 1109 871 καὶ
1139 816 1240 880 τὰς
1279 818 1336 870 ὲν
1366 817 1559 889 εἰρήνῃ
1591 816 1779 869 πλεον-

189 911 336 975 εξίας
364 911 451 964 διὰ
482 912 747 981 στόματος
774 910 987 980 ἔχομεν·
1012 908 1201 980 ὥσπερ
1227 908 1435 972 τούτοις
1464 908 1776 972 δικάζεσθαι

188 1006 304 1058 δέον
332 1045 347 1066 ,
385 1003 500 1057 ἀλλ’
552 1004 654 1057 οὐκ
697 1002 928 1065 ἐκείνοις
982 1001 1309 1072 ἀμύνεσθαι.
1346 1001 1419 1054 Οὐ
1455 1000 1776 1072 παυσόμεθα

179 1097 554 1167 φλυαροῦντες
578 1113 594 1161 ;
636 1096 697 1149 οὐ
725 1093 1151 1167 σωφρονήσομέν
1180 1110 1332 1153 ποτε,
1363 1093 1460 1146 xa‘t
1489 1094 1773 1165 γεωργοὺς

190 1190 533 1259 βωλοκόπους
582 1188 939 1260 ἀθροίσαντες
973 1230 987 1252 ,
1044 1188 1212 1259 ὁμόσε
1270 1188 1592 1258 χωρήσομεν
1662 1187 1775 1250 τοῖς

187 1281 401 1353 ἐχθροῖς
418 1320 435 1343 ,
459 1282 598 1353 ὑπὲρ
627 1280 855 1343 παίδων,
892 1280 1036 1352 ὑπὲρ
1063 1279 1340 1349 γυναικῶν
1362 1318 1376 1344 ,
1404 1278 1544 1350 ὑπὲρ
1567 1277 1770 1352 χώρας,

186 1378 235 1430 εί
279 1375 336 1429 δὲ
395 1375 610 1445 βούλει,
660 1375 758 1429 καὶ
806 1373 947 1444 ὑπὲρ
1001 1371 1184 1426 αὐτῶν
1229 1372 1337 1425 τῶν
1388 1372 1772 1443 στρατιωτῶν;

185 1468 366 1522 Καλὸν
415 1466 527 1539 γὰρ
576 1467 634 1520 ὲν
674 1466 864 1538 εἰρήνῃ
917 1464 1194 1518 λαλεῖσθαι
1221 1463 1435 1527 ταῦτα,
1483 1463 1559 1525 ὡς
1614 1462 1775 1533 ἡμεῖς

186 1555 383 1618 αὐτοὺς
432 1554 706 1625 τρέφομεν
761 1571 821 1607 τε
874 1554 970 1607 καὶ
1024 1552 1290 1623 σώζομεν.
1339 1550 1481 1621 Ἐγὼ
1520 1551 1619 1622 μὲν
1680 1547 1775 1604 οὖν

189 1645 451 1714 μονονοὺκ
469 1645 664 1715 ἔποχος
682 1643 758 1700 ὢν
780 1644 952 1714 ἵππῳ,
966 1644 1065 1716 τὴν
1087 1643 1372 1714 ἐπιστολὴν
1396 1643 1768 1713 ὐπηγόρευσα.

186 1736 297 1789 Καὶ
341 1735 452 1807 γὰρ
499 1736 721 1806 λόχους,
772 1737 867 1790 καὶ
911 1736 1176 1808 λοχαγοὺς
1210 1738 1277 1789 ὲκ
1325 1733 1435 1787 τῶν
1486 1734 1769 1805 παρόντων

181 1830 439 1900 ἐποίησα.
482 1829 818 1898 ’Λθροίζεται
871 1829 931 1882 δέ
986 1845 1077 1899 μοι
1133 1827 1229 1881 καὶ
1269 1829 1327 1881 ὲν
1374 1827 1768 1898 ’Δσουσάμαντι

182 1921 388 1993 πλῆθος
440 1923 652 1992 συχνόν.
706 1920 813 1975 Καὶ
862 1921 972 1991 γὰρ
1025 1920 1279 1982 Σοέσταις
1333 1920 1580 1992 ἁπαντᾷν
1635 1920 1765 1991 [πο.

182 2014 482 2078 Δισιθίταις
505 2055 519 2079 ,
552 2014 585 2085 ἢ
612 2012 894 2084 Δηώσταις
918 2011 938 2083 ]
969 2013 1061 2064 επι
1088 2013 1185 2083 τὴν
1215 2011 1573 2083 Κλεοπάτραν
1596 2013 1769 2083 ἐπήγ·

182 2108 358 2177 γειλα.
401 2107 637 2169 Ἐλπίζω
664 2106 719 2159 δὲ
760 2104 981 2158 ἐπειδὰν
1014 2103 1121 2175 πρὸ
1146 2104 1269 2156 ὁδοῦ
1301 2102 1588 2174 γενώμεθα
1634 2102 1765 2175 [γρ.

182 2197 471 2270 γένωμαι]
497 2238 514 2264 ,
546 2197 643 2250 καὶ
694 2193 1064 2266 περιαγγελθῇ
1120 2194 1342 2265 νεανική
1393 2210 1477 2257 τις
1526 2196 1768 2249 συστᾶσα

182 2292 314 2363 περὶ
341 2292 443 2361 ἐμὲ
483 2291 714 2360 δύναμις
736 2331 753 2355 ,
787 2288 923 2342 πολὺ
960 2286 1177 2349 πλείους
1206 2285 1423 2339 ἔσεσθαι
1449 2287 1575 2349 τούς
1599 2286 1770 2357 ἀκλή-

181 2401 329 2448 τους.
356 2380 587 2447 Ἦξουσι
642 2379 753 2451 γὰρ
804 2377 1182 2448 ἁπανταχόθεν
1209 2415 1226 2442 ,
1256 2377 1307 2429 oi
1337 2376 1600 2447 βέλτιστοι
1644 2378 1763 2449 μὲν,

181 2475 270 2544 ἐφ’
300 2466 344 2542 ᾧ
392 2476 687 2546 μετασχεῖν
718 2472 882 2544 ἔργου
936 2469 1103 2525 καλοῦ
1131 2486 1145 2500 ·
1178 2472 1230 2523 oi
1278 2471 1633 2544 πονηρότατοι
1681 2470 1763 2535 δὲ,

182 2565 280 2620 καὶ
312 2566 405 2619 ἐπὶ
440 2565 718 2637 διαρπαγῇ
753 2563 1033 2634 λαφύρων.

681 2821 1029 2874 ΕΠΙΣΤΟΛΠ
1077 2818 1268 2887 PKQ".

194 2960 197 2965 .
724 2910 1219 2977 Ἀσκληπιοδότῳ.

266 3006 431 3076 οἶμοι
453 3005 475 3058 !
498 3006 555 3059 τί
576 3004 645 3058 δὲ
678 3005 835 3074 οἴμοι
867 3003 1013 3072 (56);
1041 2998 1229 3067 θνητὰ
1250 3018 1338 3054 τοι
1358 3002 1758 3071 πεπόνθαμεν.

265 3096 325 3151 '0
348 3098 531 3169 τρίτος
555 3114 619 3167 γε
668 3097 762 3149 καὶ
797 3095 982 3158 λοιπὸς
1008 3094 1217 3164 οἴχεται
1243 3092 1355 3147 τῶν
1381 3093 1566 3147 υἱέων.
1603 3093 1763 3149 Ἀλλὰ

176 3190 245 3244 τό
286 3206 348 3259 γε
391 3190 569 3259 δόγμα
616 3189 677 3241 τὸ
710 3188 840 3258 περὶ
887 3185 982 3240 τοῦ
1021 3184 1186 3256 μηδὲν
1218 3178 1358 3237 εἶναι
1394 3182 1503 3235 τῶν
1547 3183 1647 3236 οὐκ
1675 3186 1761 3251 ἐφ’

177 3286 313 3354 ἡμῖν
346 3282 570 3351 ἀγαθὸν,
602 3280 636 3350 ἢ
659 3280 849 3345 κακὸν,
866 3278 948 3332 ἔτι
969 3280 1098 3350 παρ’
1123 3276 1248 3348 ἐμοὶ
1273 3274 1527 3339 σώζεται.
1548 3275 1762 3330 Μᾶλλον

176 3375 239 3429 δὲ
262 3375 424 3429 πάλαι
451 3374 548 3445 μὲν
568 3370 636 3445 ἦν
661 3372 914 3443 μάθημα,
944 3370 1061 3425 νυνὶ
1092 3370 1149 3423 δὲ
1174 3368 1365 3437 γέγονε
1387 3366 1562 3436 δόγμα
1584 3365 1763 3435 ψυχῆς

179 3465 708 3535 ὲγγεγυμνασμένης
758 3466 877 3526 ταῖς
927 3462 1330 3532 περιστάσεσιν.
1368 3458 1513 3515 Ἔδει
1553 3457 1611 3511 δὲ
1656 3459 1764 3527 ἄρα

178 3555 569 3627 χαλεπωτέραν
599 3571 688 3625 μοι
718 3551 971 3622 γενέσθαι
1013 3550 1108 3603 τοῦ
1155 3550 1363 3614 πάθους
1395 3550 1494 3621 τὴν
1527 3548 1763 3620 προσϐο-

176 3649 279 3720 λήν
296 3664 310 3679 ⁸
338 3650 433 3701 καὶ
456 3647 545 3701 διὰ
571 3645 729 3700 τοῦτο
752 3646 780 3698 ὁ
807 3644 1041 3715 δαίμων,
1062 3638 1106 3712 ᾧ
1136 3644 1285 3714 μέλει
1311 3642 1567 3712 βλάπτειν
1588 3640 1766 3711 τάμὰ,

177 3739 679 3811 προῳκονομήσατο
732 3737 867 3808 μηδὲ
926 3753 985 3788 σε
1016 3736 1115 3805 τὴν
1160 3735 1322 3806 φίλην
1372 3752 1459 3805 μοι
1507 3736 1761 3804 παρεῖναι.

174 3832 442 3902 κεφαλήν.
492 3829 630 3884 Ἀλλ’
664 3828 839 3892 ἔλθοις
877 3828 1043 3891 ποτὲ,
1086 3824 1355 3897 θαυμάσιε
1380 3864 1394 3888 ,
1434 3826 1530 3879 καὶ
1568 3823 1761 3895 τριπό-

177 3924 333 3996 θητε,
364 3925 459 3976 καὶ
490 3921 660 3991 φίλων
688 3919 1013 3974 ἀδολὼτατε.
1043 3918 1271 3989 Μάρτυς
1296 3917 1409 3988 εἱμὶ
1437 3916 1513 3987 τῷ
1554 3916 1764 3986 θαυμα-

179 4016 296 4087 στῷ
334 4015 587 4084 Μενέλεῳ
640 4013 743 4084 τῆς
793 4012 923 4083 περὶ
978 4011 1037 4064 σὲ
1088 4010 1401 4073 διαθέσεως.
1456 4009 1555 4063 Διὰ
1603 4008 1765 4061 τοῦτο

175 4107 442 4170 πολλάκις
474 4106 644 4175 ἡδέως
676 4103 1144 4175 συνδιημέρευσα,
1178 4102 1258 4155 ὅτι
1310 4118 1368 4154 σε
1406 4101 1472 4154 δι’
1510 4101 1762 4171 εὐφήμου

180 4201 408 4273 μνήμης
445 4197 704 4253 διετίθετο
734 4196 846 4268 [γρ.
887 4194 1139 4267 tritius].
1169 4195 1281 4248 Kal.
1313 4193 1484 4247 πολλὰ
1506 4197 1571 4264 τῇ
1613 4194 1758 4264 ψυχῇ

178 4290 578 4364 προσκεκυφὼς
602 4332 617 4357 ,
658 4291 752 4344 καὶ
798 4292 909 4351 τοῖς
944 4289 1256 4359 ἑπιτροποις
1288 4287 1408 4341 οὐδὲ
1459 4286 1760 4356 ἀπάγουσιν

1881 457 2125 514 minores
2158 475 2218 515 se
2240 476 2365 516 esse
2398 478 2632 517 numero
2663 465 3013 537 intelligunt,
3039 482 3205 539 quam
3239 476 3298 521 ut
3328 482 3467 538 pne-

1879 552 1963 607 da:
1999 552 2272 621 plurimos
2306 554 2568 609 custodes
2598 556 2881 627 imponere
2902 601 2916 623 ,
2946 567 3001 614 et
3032 559 3100 613 iis
3121 598 3136 622 ,
3171 574 3294 627 quae
3341 556 3438 613 rell

1878 650 1963 696 cla
1996 642 2232 709 I'uerint,
2265 659 2296 697 a
2327 644 2469 699 bello
2501 644 2851 702 vindicandis
2871 688 2887 715 ,
2919 649 2965 702 si
2994 649 3118 719 quis
3148 649 3461 718 irrumpat,

1879 734 2129 791 suﬁicere
2161 736 2392 807 possint.
2440 736 2703 793 Nostrum
2752 746 2936 796 autem
2990 741 3264 795 neminem
3315 740 3460 795 subit

1878 828 2230 899 indignatio;
2285 831 2379 885 sed
2436 831 2584 885 domi
2636 831 2932 892 sedemus,
2967 833 3126 903 261
3168 832 3459 886 ﬁculneum

1877 918 2186 983 auxilium,
2247 919 2474 975 militem
2526 921 2737 975 scilicet
2790 922 3207 990 pratsmlautes,
3258 930 3315 976 et
3359 922 3454 977 sti-

1877 1009 2173 1079 pendium,
2211 1009 2538 1080 illorumque
2585 1026 2682 1081 per
2726 1012 2877 1082 pacis
2920 1020 3139 1082 tempus
3171 1012 3458 1067 commoda

1877 1099 1933 1154 in
1963 1115 2060 1155 ore
2090 1099 2388 1165 habemus,
2438 1103 2597 1172 quasi
2646 1118 2769 1157 cum
2817 1103 2884 1158 iis
2926 1103 3139 1172 judicio
3179 1104 3458 1174 experiri,

1876 1204 1991 1244 non
2039 1190 2164 1245 illos
2212 1191 2539 1260 propulsare
2592 1199 2862 1261 oporteat.
2912 1191 3031 1245 Non
3085 1192 3306 1246 tandem
3352 1192 3459 1246 ali-

1860 1279 2096 1349 quando
2125 1280 2318 1348 nugari
2346 1279 2721 1335 desistemus?
2749 1295 2859 1334 non
2886 1295 3079 1351 sapere
3105 1280 3460 1351 incipiemus,

1862 1380 1930 1426 ‘et
1961 1372 2326 1442 agricolarum
2367 1373 2556 1442 glebas
2598 1374 2973 1427 exercentium
3016 1388 3182 1427 manu
3236 1370 3457 1428 contra-

1874 1467 1964 1515 cta
1983 1501 2000 1525 ,
2023 1459 2279 1516 hostibus
2300 1477 2402 1516 nos
2424 1476 2764 1532 opponenius
2780 1506 2793 1529 ,
2822 1479 2922 1533 pro
2948 1454 3137 1519 liberis
3158 1504 3173 1527 ,
3197 1480 3295 1535 pro
3320 1480 3458 1519 uxo-

1873 1551 2062 1620 ribus,
2097 1568 2200 1621 pro
2230 1554 2455 1609 sedibus
2484 1555 2714 1619 nostris,
2760 1555 2871 1609 imo
2912 1556 3079 1609 etiam
3120 1571 3219 1625 pro
3267 1556 3457 1610 militi-

1876 1643 1981 1697 bus
2012 1642 2193 1713 ipsis?
2222 1642 2491 1698 Praeclara
2520 1646 2666 1698 enim
2699 1644 2851 1698 dictu
2884 1644 2938 1699 in
2972 1661 3107 1715 pace
3144 1648 3251 1701 ista
3282 1654 3452 1702 sunt:

1801 1716 1842 1771 Β
1870 1746 1975 1789 nos
2006 1733 2153 1788 alere
2191 1733 2348 1800 illos,
2398 1748 2464 1787 ac
2507 1735 2673 1787 tueri.
2722 1734 2887 1804 Atqui
2936 1749 3042 1804 ego
3088 1742 3300 1791 tantum
3344 1753 3455 1792 non

1867 1838 2011 1894 equo
2055 1824 2301 1879 insidens
2351 1825 2516 1879 hasce
2555 1824 2772 1880 litteras
2816 1826 3041 1880 dictavi.
3088 1827 3223 1881 Nam
3266 1836 3322 1883 et
3362 1844 3457 1883 co-

1867 1913 2059 1969 bortes
2081 1956 2098 1979 ,
2130 1923 2187 1970 et
2213 1917 2603 1981 centuriones,
2636 1928 2803 1987 prout
2837 1918 2890 1971 in
2925 1921 3215 1987 praesentia
3250 1934 3454 1990 suppe-

1865 2004 2055 2070 tebat,
2088 2005 2375 2061 constitui.
2410 2005 2541 2061 Mihi
2576 2017 2757 2063 autem
2794 2023 2896 2062 nec
2929 2009 3279 2077 paenitendus
3308 2010 3457 2064 mili-

1867 2103 1983 2150 tum
2028 2112 2295 2153 numerus
2350 2098 2406 2151 in
2452 2098 2822 2153 Asusamante
2871 2099 3128 2170 cogitur:
3180 2100 3454 2170 siquidem

1869 2186 2081 2243 Soestis
2111 2187 2257 2244 diem
2293 2188 2500 2253 indixi,
2532 2204 2646 2260 quo
2674 2190 2740 2244 ad
2772 2189 3119 2260 Cleopatram
3164 2191 3452 2247 adessent.

1868 2279 2043 2349 Spero
2074 2290 2297 2343 autem,
2330 2280 2495 2335 simul
2530 2296 2635 2336 nos
2669 2280 2927 2351 progredi
2963 2282 3330 2352 cmperimus,
3365 2282 3461 2338 id-‘

1867 2386 1975 2442 que
2008 2372 2341 2443 dissipatum
2377 2372 2522 2435 erit,
2568 2372 2845 2444 egregiam
2892 2373 3042 2429 circa
3087 2390 3189 2430 nos
3227 2390 3456 2431 planum

1864 2478 1990 2519 esse
2016 2464 2340 2531 collectam,
2373 2466 2551 2519 multo
2591 2464 2776 2535 plures
2819 2481 2931 2519 non
2970 2474 3196 2522 vocatos
3227 2465 3452 2521 adfutu-

1864 2570 1979 2609 ros.
2013 2553 2267 2624 Uudique
2293 2555 2441 2610 enim
2471 2557 2788 2625 continent;
2826 2557 3017 2627 optimi
3051 2558 3304 2628 quidem,
3336 2569 3457 2627 quo

1865 2646 2116 2717 praeclari
2143 2646 2413 2700 facinoris
2445 2657 2657 2716 partem
2687 2647 2925 2717 aliquam
2952 2646 3250 2718 decerpant
3279 2666 3293 2702 :
3326 2662 3453 2719 pes-

1865 2736 1991 2791 simi
2026 2751 2159 2791 vero
2188 2734 2258 2791 ad
2290 2736 2595 2805 diripienda
2630 2738 2827 2806 spolia.

2355 2827 2694 2883 EPISTOLA
2730 2828 2970 2885 CXXVI.

2452 2920 2854 2989 Asclepiodoto.

1939 3010 2056 3066 lleu
2083 3011 2199 3064 me!
2239 3011 2367 3082 quid
2418 3011 2518 3065 heu
2551 3013 2677 3065 me?
2698 3011 2861 3082 digna
2885 3011 3104 3064 mortali
3135 3011 3267 3080 fero.

1935 3102 2155 3158 Tertius
2170 3118 2234 3157 ac
2251 3112 2561 3173 postremus
2579 3103 2876 3159 liberorum
2894 3103 3155 3159 excessit.
3176 3101 3285 3158 Sed
3310 3102 3453 3159 illud

1862 3197 2171 3260 decretum,
2198 3195 2337 3249 nihil
2358 3210 2573 3261 eorum,
2592 3212 2716 3267 quas
2739 3197 2794 3251 in
2822 3203 3099 3267 potestate
3125 3196 3449 3251 nostra-sita

1864 3305 1975 3345 non
2006 3289 2141 3352 sint,
2170 3288 2379 3345 bonum
2411 3304 2553 3355 esse,
2580 3290 2668 3343 vel
2696 3290 2898 3344 malum
2920 3329 2935 3354 ,
2971 3289 3152 3344 adhuc
3182 3289 3237 3343 in
3262 3289 3449 3344 animo

1864 3396 1985 3435 meo
2009 3388 2345 3450 perseverat.
2380 3380 2490 3432 Aut
2523 3379 2735 3448 potius,
2765 3380 2896 3434 olim
2937 3379 3158 3450 quidem
3195 3378 3456 3434 doctrina

1864 3486 1895 3525 a
1939 3487 2025 3527 me
2082 3478 2203 3527 erat
2259 3470 2752 3540 comprehensum,
2803 3485 2953 3524 nunc
3019 3468 3217 3538 dogma
3273 3469 3443 3524 animi

1864 3562 2067 3618 factum
2101 3570 2209 3626 est,
2240 3562 2431 3617 multis
2462 3561 2685 3617 casibus
2714 3561 3025 3617 exercitati.
3070 3559 3308 3617 Necesse
3342 3578 3443 3616 au-

1862 3664 1971 3711 tem
2002 3662 2120 3710 erat
2144 3654 2610 3709 vehementiorem
2639 3668 2764 3710 esse
2794 3654 2926 3707 mali
2946 3653 3112 3723 hujus
3147 3654 3442 3723 impetum.

1862 3748 2043 3819 Atque
2065 3746 2207 3801 obid
2241 3747 2453 3800 daemon
2486 3745 2598 3808 ille.
2629 3744 2719 3799 cui
2751 3760 2900 3800 cura:
2923 3753 3007 3799 est
3034 3745 3172 3799 meis
3200 3755 3258 3798 ut
3278 3744 3446 3798 rebus

1861 3844 2079 3902 noceat,
2114 3843 2241 3891 ante
2275 3835 2379 3890 hoc
2420 3833 2693 3905 providit,
2723 3841 2782 3887 ut
2817 3847 2886 3887 ne
2929 3842 2985 3887 tu
3028 3832 3275 3902 quidem,
3305 3833 3445 3884 ami-

1862 3930 2150 3986 cissimum
2191 3928 2324 3984 mihi
2365 3935 2569 3998 caput,
2604 3928 2844 3982 adesses.
2878 3918 2984 3981 sed
3017 3926 3165 3982 adsis
3198 3923 3446 3990 tandem,

1862 4037 1896 4077 ο
1929 4021 2212 4092 praeclare,
2250 4031 2304 4076 et
2339 4030 2422 4074 ter
2474 4026 2664 4089 optate
2716 4019 2868 4082 mihi,
2905 4029 3070 4088 atque
3132 4019 3442 4072 amicorum

1861 4112 2107 4167 omnium
2178 4111 2575 4167 sincerissime.
2626 4109 2809 4165 Testis
2862 4125 2983 4165 sum
3047 4107 3269 4178 egregio
3323 4104 3439 4160 Me-

1862 4189 2021 4260 nelco
2047 4204 2124 4259 tui
2148 4217 2277 4273 erga
2306 4203 2460 4257 illum
2494 4202 2745 4257 allectus.
2776 4199 2858 4255 Oh
2882 4200 2935 4254 id
2969 4200 3171 4268 smpius
3198 4197 3445 4267 jucunde

1862 4312 1983 4352 sum
2016 4312 2145 4351 cum
2181 4310 2247 4351 eo
2275 4304 2527 4351 versatus
2554 4333 2568 4359 ,
2604 4292 2749 4364 quod
2800 4305 2852 4347 le
2883 4289 3440 4346 honoriticentissima

179 4383 299 4456 [γρ.
332 4383 646 4454 ἐπιτρόποις
676 4379 847 4449 ἁπὰγ.
882 4379 1020 4451 (57)]
1050 4379 1210 4433 αὐτὸν
1244 4378 1371 4432 εὐθύ
1412 4379 1717 4450 Τευχείρων
1742 4392 1758 4407 ’

1869 4388 2250 4445 recordatione
2276 4392 2681 4457 prosequatur;
2712 4381 2991 4453 quodque,
3036 4380 3252 4434 tametsi
3288 4387 3440 4433 totus

177 4475 314 4545 περὶ
340 4473 431 4529 τὸν
468 4474 638 4544 μέγαν
694 4472 1139 4541 Ἀσκληπιόδοτον
1173 4469 1467 4541 εὐγνώμων
1513 4466 1581 4541 ἦν
1603 4510 1618 4535 ,
1665 4471 1762 4523 καὶ

177 4565 541 4636 εὐχαριστῶν,
568 4564 643 4628 ὡς
666 4565 759 4618 ἐπὶ
785 4564 1061 4636 μεγίστοις
1087 4562 1347 4634 εὐεργέτῃ
1371 4561 1759 4617 διατετέλεκεν.

180 4659 282 4711 'Iv‘
306 4658 518 4729 ἔχωμεν
549 4657 690 4729 ὕδωρ
715 4656 943 4727 ψυχρὸν,
975 4655 1162 4727 ὑδρίαν
1193 4655 1226 4726 ἢ
1263 4654 1418 4708 πίθον
1448 4655 1512 4708 ὲκ
1535 4653 1755 4725 μαρμά-

178 4767 279 4829 ρου
314 4750 482 4821 ζητῶ,
512 4751 622 4821 ὅσῳ
653 4748 853 4820 μείζων
878 4748 993 4820 [πρ.
1019 4748 1232 4820 psmn],
1259 4747 1495 4819 τοσούτῳ
1519 4746 1759 4800 κάλλιον.

176 4842 439 4897 Κείσεται
470 4841 528 4895 δὲ
574 4841 632 4893 ὲν
673 4839 987 4911 Ἀσκληπιῷ
1030 4838 1107 4909 τῷ
1135 4839 1362 4909 ποταμῷ
1387 4856 1402 4871 ο
1444 4839 1574 4909 παρ’
1608 4835 1756 4906 αὐτῷ

1865 4477 2035 4533 animi
2063 4490 2211 4532 cura:
2243 4476 2313 4530 sit
2341 4472 2555 4538 aﬂixus,
2599 4486 2663 4526 ac
2708 4469 3175 4531 moderatoribus,
3221 4467 3314 4537 qui
3368 4465 3437 4521 ad

1864 4563 2138 4625 Teuchira
2166 4574 2310 4623 recta
2341 4566 2493 4620 illum
2535 4562 2851 4627 abducunt,
2900 4568 3113 4632 gratum
3159 4574 3221 4614 se
3254 4566 3436 4613 tamen

1862 4660 1920 4715 in
1952 4671 2210 4731 magnum
2266 4650 2716 4725 Asclepiodotum
2768 4651 3026 4722 przebcat,
3083 4649 3263 4719 eique,
3313 4656 3440 4702 tan-

1862 4767 2028 4824 quam
2054 4750 2122 4807 de
2154 4748 2225 4805 se‘
2249 4747 2455 4820 optime
2498 4744 2718 4808 nierito,
2760 4744 2968 4816 gratias
3003 4757 3163 4815 agere
3192 4741 3435 4798 insistat.

1864 4845 1937 4903 Ut
1969 4844 2128 4900 nobis
2152 4855 2308 4912 aquae
2342 4838 2553 4911 frigidae
2578 4837 2736 4910 copia
2774 4837 2868 4904 sit,
2899 4836 3153 4909 hydriam
3214 4841 3307 4889 aut
3336 4833 3445 4891 do-

1416 4978 1596 5035 DlON.
1635 4981 1915 5039 PETAVII
1948 4978 2185 5037 NOTIE.

255 5102 612 5177 (56)_Olpo¢_!_
636 5101 721 5177 τί.
756 5099 1015 5177 δἰοιμρι.
1047 5097 1241 5177 lisias
1268 5097 1321 5177 in
1346 5095 1459 5177 line
1483 5116 1496 5152 :
1522 5099 1762 5177 :Entfa-

176 5166 307 5247 φίόυ
331 5166 493 5247 λόγοι)
516 5189 548 5247 °_
571 5171 737 5247 ξΑλλὰ
774 5166 1007 5247 γάρούκ
1035 5166 1129 5222 οἷδ’
1158 5168 1265 5247 ὃῇτι
1276 5167 1367 5247 δεῖ
1398 5167 1636 5247 τοιαῦτα
1651 5170 1763 5222 ὀλο-

176 5237 593 5317 ᾠύρεσθαιζῄμού
631 5242 743 5317 γὰρ,
772 5237 1147 5317 ἐλανθάνομεν
1187 5238 1331 5308 ἡμᾶς
1360 5238 1574 5317 ,αὖῖοὺς
1611 5239 1763 5317 ὄντες

178 5306 400 5386 θνὴτόν.
453 5313 617 5386 Ὥστε
767 5311 850 5364 δεῖ
894 5310 945 5386 ἃ.
969 5306 1134 5386 πάλαι
1186 5306 1600 5386 προσεδοκῷμεν
1644 5310 1763 5386 ἰτεί-

180 5376 398 5443 σεσθαι,
448 5382 589 5452 ὑπὲρ
630 5383 836 5435 τούτων
885 5377 981 5452 νῦμν
1034 5376 1330 5452 ἄχθεσθαι,
1381 5376 1417 5448 ἢ
1462 5376 1581 5452 λίαν
1619 5378 1763 5452 οὐτω

180 5454 401 5528 βαρέως
429 5449 614 5528 φέρειν
639 5452 879 5528 επὶ-ταῖς
902 5449 1005 5519 τῆς
1044 5449 1258 5528 φύσεως
1292 5449 1613 5528 συμφοραῖς,
1645 5450 1765 5501 ἑπι-

183 5518 594 5593 σταμένουςδτι
630 5524 660 5574 ό
690 5522 919 5581 θάνατος
965 5518 1138 5581 κοινὸς
1170 5518 1266 5572 καὶ
1304 5518 1416 5580 τοῖς
1447 5518 1758 5588 χειρίστοις,

183 5595 284 5646 καὶ
316 5592 432 5646 τοῖς
462 5590 790 5646 Βελτίστοιςι

316 5607 432 5654 τοις
461 5606 756 5655 βελτίστοις
775 5606 790 5655 ;

182 5590 432 5654 καὶτοῖς
461 5590 756 5661 βελτίστοις
775 5606 790 5655 ;

266 5661 383 5735 (57)
439 5662 549 5717 Kal
618 5661 743 5729 τοῖς
793 5658 1138 5728 ἐπιτρόποις
1195 5656 1337 5712 οὐδὲ
1399 5654 1761 5727 ἀπάγουσιν.

1864 5101 2117 5157 Obscura
2151 5111 2265 5153 ιιωο
2296 5103 2351 5150 et
2381 5085 2665 5165 implicita.
2698 5092 2755 5149 In
2789 5092 3002 5165 duobus
3025 5090 3280 5165 scriptis
3303 5091 3441 5160 legi-

1866 5181 1960 5226 tur
1991 5165 2400 5241 προσκεκοιριῖζςἲ
2426 5163 2549 5241 _Iio_n
2580 5164 2992 5241 «magmatis;
3024 5163 3081 5241 In
3113 5180 3224 5219 uno
3252 5164 3439 5217 deerat

1867 5235 2135 5313 particula
2166 5237 2316 5313 odiis.
2338 5235 2525 5290 Videri
2560 5244 2739 5313 potest
2781 5236 2870 5291 hic
2891 5235 3173 5313 Menelaus
3217 5250 3339 5290 sese
3368 5240 3436 5313 au

1868 5300 2232 5365 monasticam
2269 5307 2437 5360 vitam
2472 5300 2840 5369 transtulisse,
2889 5306 2943 5360 in
2977 5322 3085 5376 qua
3115 5321 3238 5359 cum
3285 5300 3438 5376 leni—

1867 5392 1958 5435 tus
1987 5379 2091 5435 sibi
2113 5388 2277 5447 atque
2304 5378 2490 5447 animo
2519 5390 2625 5447 suo
2647 5383 2897 5447 vacaret,
2915 5384 2970 5430 et
2998 5372 3438 5430 moderatoribus

1870 5449 2140 5505 obnoxius
2188 5443 2354 5509 esset,
2406 5443 2782 5514 Asclepiodoti
2825 5446 3186 5500 nihilominus
3229 5455 3440 5514 meum-

1870 5520 2005 5573 riam
2037 5526 2092 5573 et
2118 5508 2417 5570 amicitiam
2459 5508 2696 5570 colebat.
2736 5516 2816 5569 Ac
2848 5516 3036 5570 nescio
3068 5528 3136 5567 an
3167 5526 3264 5574 pro
3290 5508 3437 5574 οὐδὲ,

1868 5589 1919 5642 oi
1946 5584 2444 5658 6érlegendum_sit,
2475 5593 2537 5658 ut
2589 5584 2965 5658 moderatores
3013 5581 3235 5639 Menelai
3289 5587 3439 5636 dicat

1868 5653 2121 5717 eumdem
2149 5663 2297 5715 recta
2322 5653 2592 5713 Teuchira
2617 5655 2839 5711 ducere.
