3838 6236
423 254 553 310 I507

1467 248 1733 306 SYNESII
1775 248 2240 306 PTDLEMAIDIS
2279 246 2583 305 EI‘ISCOPI

3560 249 3692 303 I508

416 365 549 424 lium
604 383 973 424 marmoreum
1044 369 1313 438 requiro:
1376 379 1586 439 quanto
1641 370 1824 438 majus
1871 371 1996 433 erit,

2114 370 2215 441 γὰρ
2249 370 2420 435 κτίζω
2450 370 2511 424 τὸ
2547 371 2918 442 άσκητήριον,
2949 371 3044 425 καὶ
3073 371 3212 439 ἁγνὰ
3267 368 3441 439 σκεύη
3499 384 3696 439 atposs-

415 467 575 514 tanto
603 459 708 513 erit
738 460 957 515 melius.
986 457 1121 512 Nam
1153 458 1221 512 ad
1250 458 1561 531 Asclepium
1591 460 1755 531 262
1790 460 1991 515 flumen

2114 460 2450 532 πρεπίζομαι.
2481 462 2589 517 Σὺν
2622 463 2742 534 Θεῷ
2772 464 2831 516 δὲ
2859 463 2978 533 εἵην
3007 462 3457 534 ἐπιϐαλλόμενος.

415 554 798 612 collocabitur.
824 551 991 607 Juxta
1029 554 1176 607 enim
1213 554 1527 610 cmnobium
1559 554 1812 619 instituo,
1841 551 1910 607 ad
1937 551 2100 624 idque
2138 569 2269 611 vasa
2296 569 2432 624 pura
2460 567 2525 608 ac
2556 562 2751 610 sancta
2786 569 3058 626 praeparo.
3100 555 3277 626 Atque
3311 555 3529 609 utiam
3572 568 3698 607 cum

418 652 534 708 Deo
556 666 695 721 opus
724 648 1044 720 aggrediar!

891 760 1233 818 EPISTOLA
1271 761 1538 819 CXXVII.

1116 853 1321 911 Fratri.

420 946 616 1019 Aspida
644 950 734 1005 abi
756 946 962 1019 procul,
994 962 1184 1018 angue,
1206 946 1423 1019 rubeta,
1452 956 1503 1001 et
1540 944 1892 1010 Laodicenis,

490 1018 664 1092 Iunge
689 1018 870 1076 canem
899 1019 1167 1083 rabidum,
1194 1018 1554 1089 Ladiceasque
1579 1019 1792 1071 iterum.

488 1111 695 1168 Verum
730 1120 855 1184 post
879 1110 1367 1176 humanissimum,
1401 1126 1466 1165 ac
1487 1110 1877 1181 philosophum
1906 1124 2004 1178 ap-

418 1204 592 1274 prime
614 1203 959 1271 Pentadium,
990 1202 1299 1266 codicillos,
1323 1217 1465 1273 quos
1493 1201 1835 1273 Egyptiacae
1865 1217 2007 1271 prte—

419 1294 646 1349 fecturze
683 1293 901 1364 signum
931 1292 1246 1363 respublica
1286 1291 1602 1355 constituit,
1641 1290 1852 1360 accepit
1905 1290 2007 1345 Ειι·

416 1385 626 1440 thalius
657 1382 1021 1440 Laodicenus.
1044 1383 1464 1438 Adolescentem
1494 1381 1669 1446 nosti,
1690 1382 1808 1451 qui,
1836 1397 2005 1452 quan-

415 1486 532 1531 tum
570 1476 850 1546 conjicere
874 1476 1022 1539 licet,
1057 1475 1164 1531 sub
1195 1475 1337 1530 idem
1368 1474 1662 1531 nobiscum
1693 1485 1909 1544 tempus
1942 1474 2000 1529 in

414 1568 622 1624 castris
654 1578 907 1624 versatus
936 1575 1043 1623 est.
1104 1566 1290 1638 Neque
1321 1567 1469 1623 enim
1517 1567 1687 1623 latere
1720 1567 1874 1622 illum
1904 1577 2000 1621 aut

415 1674 621 1725 mores,
657 1668 754 1715 aut
788 1675 1094 1731 cognomen
1121 1660 1301 1732 ipsum
1341 1660 1618 1716 sinebant.
1659 1659 1997 1730 Marsupium

414 1752 710 1822 quemdam
743 1750 967 1816 audisti,
1003 1751 1099 1821 qui
1142 1766 1252 1805 non
1307 1765 1339 1804 a
1372 1757 1529 1822 patre
1580 1749 1786 1821 egregii
1834 1750 1997 1804 istius

415 1842 657 1899 nominis
688 1842 1061 1897 hereditatem
1092 1840 1389 1911 acceperit,
1424 1840 1522 1895 sed
1563 1839 1698 1894 illud
1740 1838 1845 1894 sibi
1883 1839 2000 1908 ipse

415 1934 713 2005 pepererit.
747 1934 883 1989 Cura
922 1933 1092 1997 enim,
1150 1934 1371 2004 opinor,
1427 1930 1614 2003 Lydia:
1670 1931 1999 2002 praepositus

413 2029 566 2082 circa
598 2024 796 2079 Bullini
831 2032 1076 2094 tempora
1114 2022 1297 2096 Lydos
1328 2032 1578 2087 vexaret,
1611 2037 1675 2078 ac
1709 2022 1998 2094 diriperet,

415 2116 740 2188 indignatus
773 2114 1022 2171 Bullinus
1052 2115 1173 2169 auri
1210 2115 1368 2170 libris
1412 2130 1482 2169 xv
1513 2115 1788 2170 multavit.
1825 2115 1907 2169 Ad
1943 2114 1999 2169 id

414 2209 618 2266 milites
643 2224 711 2265 ex
742 2207 974 2264 cohorte
994 2221 1113 2272 sua,
1133 2214 1194 2263 ut
1214 2207 1465 2278 putabat,
1491 2206 1831 2263 fortissimos
1852 2221 1915 2261 ac
1937 2206 2001 2260 ll-

400 2300 727 2358 ‘delissimos
746 2301 1027 2372 apposuit,
1044 2298 1141 2371 qui
1156 2314 1353 2355 aurum
1374 2298 1508 2355 illud
1527 2300 1795 2355 violenter
1810 2309 1997 2354 extor-

414 2398 532 2445 tum
554 2390 695 2444 bona
725 2389 831 2445 fide
860 2390 929 2444 ad
954 2404 1199 2445 mensam
1231 2404 1387 2445 suam
1410 2389 1715 2445 deferrent.
1761 2388 1902 2455 Quid
1930 2388 1998 2444 ad

415 2482 534 2537 hac
565 2482 840 2553 Sisyphus
877 2481 1021 2537 iste?
1049 2480 1155 2537 Sed
1182 2495 1251 2536 ne
1283 2479 1575 2535 admodum
1615 2482 1836 2550 ineptus
1891 2481 1999 2535 sim

414 2575 554 2631 adeo
570 2576 787 2646 vulgata
806 2575 1130 2631 subtexens.
1142 2574 1408 2629 Auditum
1424 2575 1651 2630 omnino
1671 2575 1771 2629 tibi
1796 2582 1878 2630 est
1902 2589 2001 2645 par

415 2663 551 2720 illud
568 2664 1126 2734 marsupiorum,qua:
1138 2663 1313 2718 multo
1329 2663 1540 2719 Eumeli
1557 2664 1717 2734 equis
1731 2664 2000 2719 similiora

414 2757 650 2824 faciens,
679 2759 735 2813 in
766 2771 879 2812 uno
907 2757 1129 2829 quidem
1162 2771 1340 2814 arcos
1364 2758 1579 2825 obolos,
1609 2758 1666 2814 in
1703 2758 1878 2813 altero
1906 2773 2002 2813 au-

414 2861 543 2903 reos
564 2862 827 2902 nummos
857 2846 1135 2903 condidit.
1162 2845 1295 2902 Inde
1325 2846 1557 2902 alterum
1582 2846 1779 2902 horum
1808 2856 2001 2903 osten-

413 2936 577 3001 dens,
611 2936 847 2991 alterum
881 2935 1193 3002 occultans,
1244 2935 1336 2991 ubi
1370 2945 1866 3001 enumeraverunt,
1903 2936 1997 2992 ubi

415 3026 822 3098 appenderunt,
882 3028 977 3083 ubi
1014 3027 1257 3096 denique
1312 3027 1536 3098 publico
1568 3027 1749 3100 sigillo
1799 3042 1995 3083 aurum
2027 3054 2072 3115 ο

414 3117 813 3188 obsignaram,
842 3119 985 3174 clam
1020 3119 1254 3175 alterum
1296 3119 1422 3175 loco
1464 3120 1617 3177 illius
1652 3120 1919 3191 subjecit,
1947 3131 1998 3177 et

415 3224 518 3280 pro
542 3210 729 3265 aureis
759 3210 954 3266 obolos
989 3211 1162 3268 misit.
1196 3212 1266 3266 At
1312 3211 1391 3267 illi
1422 3212 1479 3268 in
1528 3213 1768 3284 publicis
1794 3214 2000 3270 tabulis

413 3301 658 3357 confessi
688 3310 849 3357 erant
878 3318 1045 3373 penes
1086 3319 1147 3361 se
1177 3319 1373 3360 aurum
1406 3319 1563 3374 esse;
1602 3305 1769 3377 idque
1803 3321 2000 3378 quam-

415 3394 653 3464 primum
676 3394 1011 3465 perlaturos.

578 3656 661 3713 Ea:
684 3658 780 3713 illo
806 3658 1047 3729 Dapnuis
1083 3667 1360 3728 pastorum
1381 3660 1587 3730 primus
1612 3657 1857 3715 habetur.

488 3810 615 3868 Haac
644 3826 754 3867 una
804 3828 895 3869 res
952 3812 1268 3879 Euthalium
1329 3814 1385 3868 in
1441 3814 1678 3884 amplam
1724 3814 1996 3871 fortunam

422 3906 696 3978 provexit.
730 3904 877 3960 Nulli
943 3906 1090 3968 enim
1130 3902 1280 3965 risus
1328 3923 1429 3978 pro
1473 3908 1750 3979 republica
1812 3910 1999 3965 dolere

416 3997 791 4069 permittebat.
831 3996 939 4051 Sed
977 4004 1038 4051 ut
1066 3997 1244 4053 virum
1295 4013 1409 4068 pra:
1434 3999 1717 4064 omnibus,
1760 3999 1855 4070 qui
1892 4016 1999 4055 un-

414 4102 582 4160 quam
634 4088 983 4153 exstiterant,
1019 4089 1421 4159 praastigiarum
1488 4090 1747 4145 callidum
1810 4092 2000 4147 videre

414 4178 745 4249 gestiebant.
791 4175 950 4233 Venit
1011 4178 1178 4250 igitur
1234 4180 1560 4246 accersitus,
1624 4190 1882 4252 tanquam
1930 4182 1999 4238 de

416 4267 681 4323 Rorlianis
714 4268 852 4324 bene
904 4270 1155 4336 meritus,
1208 4270 1435 4340 publico
1476 4270 1728 4326 vehiculo
1762 4274 1994 4330 solemni

2618 758 2966 812 ΕΠΙΣΤΟΛΗ
3018 751 3199 814 PKZ'.

2711 848 2795 916 Τῷ
2822 849 3085 920 ἀδελφῷ.

2118 940 2394 1018 Ἀσπίδα,
2424 941 2676 1018 φρῦνον,
2703 942 2861 1018 ὄφιν,
3028 943 3323 1018 Λᾳδικέας
3341 945 3701 1018 περιφευγε,

2190 1012 2299 1065 Καί
2325 1013 2479 1065 κύνα
2508 1012 2856 1080 λυσσητὴν,
2896 1013 2995 1066 καί
3029 1013 3177 1069 πάλι
3206 1012 3524 1079 Λαδικέαῤ.

2189 1104 2351 1157 Ἀλλά
2408 1102 2548 1173 μετά
2582 1102 2674 1157 τὸν
2724 1102 3078 1176 ήμερώτατον
3115 1106 3209 1160 καὶ
3251 1107 3702 1177 φιλοσοφώτατοι*

2104 1196 2396 1249 Πεντάδιον
2423 1235 2438 1257 ,
2469 1196 2568 1259 τὰς
2611 1197 2932 1263 πινακίδας,
2983 1196 3051 1260 ας
3085 1200 3119 1269 ἠ
3152 1198 3395 1253 πολιτεία
3437 1201 3700 1274 σύνθημα

2102 1286 2336 1339 ποιεῖται
2360 1286 2459 1356 τῆς
2488 1286 2792 1355 Αἰγυπτίας
2822 1286 2996 1358 ἀρχῆς
3019 1326 3036 1351 ,
3066 1287 3329 1350 Εὐθάλιος
3357 1291 3387 1343 ό
3418 1291 3700 1355 Λαδικεύς

2101 1378 2216 1449 ἔχει
2234 1378 2433 1435 λαϐὼν,
2458 1374 2629 1431 Οἶσθα
2650 1378 2745 1433 τὸν
2773 1379 3073 1443 νεανίσκον,
3091 1378 3167 1443 ὡς
3187 1380 3429 1445 εἰκάζειν
3454 1381 3699 1447 ἔξεστιν,

2101 1470 2208 1522 ὐπὸ
2269 1470 2395 1533 τοὺς
2446 1470 2646 1533 αὐτοὺς
2705 1471 2838 1540 ἡμῖν
2886 1470 3113 1541 χρόνους
3162 1471 3255 1524 ἐπὶ
3318 1473 3700 1541 στρατοπέδου

2104 1561 2453 1630 διαγαγόντα.
2485 1562 2596 1615 Καὶ
2630 1560 2739 1632 γάρ
2778 1561 2879 1615 οὐκ
2911 1559 2999 1615 εἷα
3049 1560 3333 1616 λανθάνειν
3362 1562 3528 1617 αὐτὸν
3568 1563 3699 1617 οὔτε

2104 1654 2133 1706 ό
2175 1653 2376 1723 τρόπος
2398 1690 2413 1715 ,
2460 1650 2585 1705 οὔτε
2631 1651 2695 1705 τὸ
2725 1651 3034 1723 ἐπώνυμονδ
3071 1653 3349 1708 Βάλλαντά
3380 1652 3519 1726 [πρ.
3560 1654 3701 1708 Βαλ-

2104 1743 2343 1816 λαντᾶν]
2371 1756 2494 1798 τινα
2536 1744 2735 1816 ἤκουες
2759 1784 2776 1810 ,
2809 1744 2871 1797 οὐ
2906 1743 3175 1815 πατρόθεν
3204 1747 3303 1814 τῆς
3332 1746 3537 1816 σεμνῆς
3570 1745 3702 1798 ταὺ-

2104 1854 2204 1907 της
2242 1835 2611 1909 προσηγορίας
2663 1836 3149 1907 κληρονομήσαντα
3172 1875 3189 1900 ,
3233 1835 3349 1890 ἀλλ’
3386 1836 3555 1890 αὐτὸν
3598 1855 3700 1889 πει

2109 1930 2552 2007 ριποιησάμενον.
2593 1929 2812 2001 Ἐπειδὴ
2858 1932 2967 2002 γὰρ
2991 1969 3008 1995 ,
3046 1925 3200 2001 οἶμαι
3223 1969 3239 1994 ,
3266 1929 3465 1993 Λυδίας
3505 1930 3699 2000 ἄρχων

2104 2020 2443 2091 ἀποδειχθεὶς
2466 2058 2483 2088 ,
2530 2021 2637 2076 ὑπὸ
2676 2024 2803 2087 τοὺς
2839 2022 3121 2091 Ῥουφίνου
3161 2023 3422 2093 καιροὺς,
3452 2017 3558 2093 ἦγε
3599 2024 3698 2076 καὶ

2105 2111 2269 2183 ἔφερε
2296 2113 2363 2167 τὰ
2387 2112 2604 2178 Λυδῶν,
2646 2114 2855 2184 νεμεσᾷ
2894 2112 3203 2181 Ῥουφίνος,
3237 2113 3330 2165 καὶ
3362 2111 3581 2183 μέτεισι
3599 2113 3698 2183 ζη-

2110 2204 2213 2275 μίᾳ
2248 2203 2452 2275 χρυσοῦ
2499 2203 2699 2276 λιτρῶν
2743 2204 3137 2258 πεντεκαίδεκα
3163 2220 3178 2235 ⁸
3209 2206 3397 2258 τάττει
3427 2204 3489 2258 δὲ
3524 2220 3695 2273 στραο

2105 2296 2307 2359 τιὼτας
2335 2299 2399 2351 ἐκ
2436 2296 2546 2351 τῶν
2573 2296 2892 2369 ὑπηρετῶν,
2918 2295 2993 2360 ὡς
3020 2296 3189 2367 ᾤετο,
3223 2296 3350 2358 τοὺς
3379 2294 3697 2366 ἀνδρειοτά-

2106 2405 2232 2452 τους
2263 2388 2356 2442 καὶ
2383 2387 2806 2451 εὐνουστάτους,
2836 2387 2921 2456 ἐφ’
2960 2379 3004 2454 ᾧ
3031 2388 3126 2441 σὺν
3154 2386 3245 2457 βίᾳ
3276 2385 3591 2458 πράξαντας
3632 2387 3698 2439 τὸ

2107 2480 2364 2550 χρυσίον,
2397 2479 2729 2550 ἀνακομίσαι
2769 2478 2977 2542 πιστῶς
3007 2479 3088 2541 είς
3132 2478 3234 2550 τὴν
3266 2477 3550 2548 τράπεζαν
3589 2479 3697 2547 τὴν

2106 2570 2292 2626 αὐτοῦ.
2332 2572 2397 2624 Τί
2419 2568 2512 2627 οὖν
2536 2571 2673 2642 πρὸς
2691 2571 2867 2627 ταῦτα
2905 2572 2935 2625 ὸ
2964 2570 3195 2640 Σίσυφος
3220 2588 3235 2635 ;
3279 2569 3438 2624 Ἀλλὰ
3467 2571 3546 2641 μὴ
3565 2570 3696 2623 λίαν

2106 2661 2465 2732 ἀπειρόκαλος
2497 2656 2543 2717 ὧ
2717 2662 2831 2718 ἀλλ’
2867 2663 2987 2735 είμλ
3011 2656 3133 2716 λίαν
3161 2664 3283 2728 άπ.,
3314 2660 3415 2734 ὡς]
3439 2702 3455 2729 ,
3498 2662 3696 2733 556m;-

2108 2751 2248 2821 μένα
2274 2751 2749 2824 ἐπιδιηγούμενοςο
2776 2753 3019 2808 πέπυσαι
3047 2752 3264 2816 πάντως
3291 2753 3389 2824 τὴν
3418 2754 3695 2824 συνωρίδα

2104 2841 2214 2895 τῶν
2240 2842 2537 2912 βαλαντίων
2556 2882 2572 2909 ,
2603 2844 2640 2899 ἃ
2682 2844 2791 2899 τῶν
2823 2844 3004 2899 ἵππων
3035 2845 3285 2916 Εὐμήλου
3315 2844 3449 2899 πολύ
3483 2844 3693 2915 μᾶλλον

2105 2930 2354 3003 ἀλλήλοις
2402 2932 2620 2989 ἐοικότα
2673 2934 3120 3000 κατασκευάσας,
3168 2935 3243 3007 τῷ
3296 2935 3397 3007 μὲν
3427 2935 3692 3006 ἐνέθηκεν

2103 3022 2324 3088 ὀϐολοὺς
2353 3025 2418 3078 ἐκ
2457 3024 2659 3097 χαλκοῦ
2682 3065 2699 3092 ,
2731 3026 2811 3097 τῷ
2862 3026 2919 3080 δέ
2968 3027 3243 3099 στατῆρας
3292 3028 3548 3098 χρυσίου.
3578 3030 3690 3082 Καὶ

2102 3114 2260 3169 τοῦτο
2284 3115 2384 3186 μὲν
2403 3115 2613 3185 δείξας,
2636 3117 2812 3172 ἐκεῖνο
2833 3117 2889 3172 δέ
2911 3118 3150 3190 κρύψας,
3166 3118 3242 3182 ὡς
3264 3119 3689 3192 ἀπηρίθμησαν,

2098 3205 2176 3268 ὡς
2227 3205 2671 3280 ἐζυγοστάτησαν
2691 3250 2707 3276 ,
2753 3208 2831 3274 ὡς
2860 3211 3310 3281 κατεσημήναντο
3341 3215 3409 3284 τῇ
3443 3212 3691 3283 δημοσία

2101 3300 2356 3370 σφραγῖδι
2383 3298 2445 3353 τὸ
2464 3301 2712 3372 χρυσίον,
2746 3300 3001 3357 λανθάνει
3029 3302 3255 3374 θάτερον
3285 3304 3558 3369 ἀντιθεὶς,
3588 3308 3690 3358 καὶ

2100 3392 2325 3462 πέμψας
2375 3392 2498 3447 ἀντὶ⁵
2548 3392 2660 3449 τῶν
2708 3394 2993 3465 στατήρων
3042 3395 3168 3459 τοὺς
3211 3394 3453 3459 ὀϐολούς.
3506 3397 3571 3450 Ol
3628 3396 3690 3449 δὲ

2098 3482 2523 3554 ὡμολογήκεσαν
2574 3484 2634 3539 ἐν
2676 3483 2958 3556 δημοσίοις
3006 3484 3330 3556 γράμμασιν
3384 3486 3537 3557 ἐχειν
3587 3488 3689 3540 καὶ

2097 3573 2398 3646 διακομιεῖν
2414 3576 2486 3631 ,τὸ
2517 3574 2761 3648 χρυσίον.

2189 3667 2313 3721 Κάκ
2360 3668 2576 3721 τούτου
2630 3666 2853 3737 Δάφνις
2925 3667 3087 3737 παρὰ
3145 3667 3385 3791 ποιμέσὲ
3449 3668 3687 3738 πρῶτος

3374 3755 3573 3791 rer-to.

3374 3755 3573 3807 rer-to.

2170 3823 2340 3881 Τοῦτο
2362 3826 2454 3881 τὸν
2483 3826 2743 3883 Εὐθάλιον
2769 3829 2864 3883 ἐπὶ
2891 3830 3035 3901 μέγα
3062 3830 3233 3903 τύχης
3256 3830 3470 3903 ἐξῆρεν.
3490 3833 3683 3885 οὐδενὶ

2098 3916 2207 3989 γὰρ
2229 3918 2526 3991 ἐπέτρεψεν
2545 3921 2575 3973 ό
2598 3921 2771 3990 γέλως
2792 3922 2933 3993 ὐπέρ
2953 3923 3052 3995 τῆς
3073 3923 3346 3987 πολιτείας
3371 3924 3685 3993 ἁγανακτῆ·

2101 4027 2190 4064 σαι
2211 4026 2226 4042 ⁸
2251 4011 2367 4067 ἀλλ’
2393 4011 2470 4075 ὡς
2498 4011 2665 4084 ἄνδρα
2692 4015 2844 4086 παρὰ
2869 4016 2996 4079 τοὺς
3024 4014 3245 4069 πώποτε
3276 4016 3680 4087 θαυματοποιὸν

2102 4102 2228 4156 ίδεῖν
2283 4103 2655 4175 ἐπεθύμησαν.
2718 4106 2826 4159 Καὶ
2881 4102 2984 4178 ἦκε
3042 4108 3434 4178 μετάπεμπτος
3490 4110 3681 4179 ὥσπερ

2100 4194 2395 4266 εὐεργέτης
2432 4195 2755 4266 Ῥωμαίων,
2798 4198 3036 4269 ὀχήματι
3087 4198 3330 4270 δημοσίῳ
3378 4202 3679 4271 πομπεύων

2098 4285 2186 4345 διὰ
2229 4286 2341 4339 τῶν
2373 4286 2602 4341 πόλεων.
2648 4286 2819 4359 Κάγὼ
2867 4290 3207 4363 τάνθρώπων
3243 4286 3358 4344 οῐδα
3402 4293 3516 4346 τῶν
3560 4310 3680 4345 συν-

416 4375 615 4431 pompa
653 4375 748 4431 per
775 4360 939 4416 urbes
959 4361 1227 4417 invectus.
1250 4362 1362 4432 Ego
1393 4377 1523 4417 vero
1562 4363 1835 4420 hominem
1869 4367 1991 4422 novi

2114 4376 2427 4449 εδρευόντων
2449 4378 2507 4430 ἐν
2537 4378 2614 4449 τῷ
2639 4360 3228 4453 προτεμενίσματι(58)
3256 4381 3350 4436 τοῦ
3386 4382 3679 4457 βουλευτη-

413 4451 577 4524 ²63
596 4452 1020 4507 subbasilicanis
1038 4453 1296 4507 omnibus
1317 4454 1888 4526 loquaciorem.Atque
1906 4458 1998 4514 ille

414 4558 541 4597 mox
570 4542 752 4598 sodali
782 4542 1049 4598 Pentadio
1073 4542 1129 4598 in
1165 4545 1491 4614 magistratu
1516 4547 1797 4602 succedet.

871 4652 1210 4708 EPISTULA
1247 4652 1539 4710 CXXVIII.

518 4744 604 4800 Ad
632 4746 929 4818 episcopum
966 4746 1271 4814 episcopatu
1319 4750 1555 4818 pulsum.
1608 4749 1745 4818 quod
1775 4750 1897 4806 Arii

750 4814 1007 4870 doctrina:
1039 4814 1367 4888 acquiescere
1391 4814 1657 4874 noluerat.

485 4904 641 4973 Quod
667 4920 815 4971 eras,
847 4914 1123 4976 receptum
1154 4920 1185 4960 a
1222 4914 1296 4971 te,
1321 4923 1431 4963 non
1463 4908 1734 4964 amissum
1760 4918 1845 4966 est
1880 4908 2001 4970 Non

410 5000 559 5055 enim
591 4998 815 5069 quando
847 4998 972 5069 quis
1002 4999 1070 5053 ab
1114 5000 1415 5071 impietatis
1466 5010 1614 5057 ecetu
1665 5004 1995 5074 sejungitur,

414 5100 547 5146 tunc
579 5092 745 5146 etiam
779 5091 1001 5161 pietatis
1051 5091 1253 5148 throno
1292 5092 1582 5164 spoliatur.
1614 5091 1767 5149 Hanc
1810 5108 1994 5152 autem

414 5183 484 5237 ab
520 5180 760 5253 IEgypto
811 5182 1153 5239 avulsionem
1208 5185 1631 5254 complectere:
1681 5186 1847 5258 idque
1896 5189 1995 5243 tibi

412 5275 581 5331 etiam
608 5289 803 5348 magna
834 5290 965 5333 voce
1007 5277 1280 5335 clamasse
1304 5278 1625 5350 prophetam
1687 5280 1942 5336 existima
1975 5300 1989 5337 :

2104 4468 2222 4539 ρίου
2272 4467 2605 4540 λαλίστερον.
2658 4463 2827 4534 Οὗτος
2856 4471 2979 4525 ὅσον
3019 4472 3174 4527 οὔπω
3229 4473 3535 4529 παραλύσει
3582 4478 3680 4547 τῆς

2102 4558 2278 4630 ἀρχῆς
2307 4560 2398 4614 τὸν
2422 4561 2633 4632 ἑταῖρον
2663 4562 2970 4617 Πεντάδιον.

2592 4672 2938 4728 ΕΠΙΣΤΟΛΗ
2993 4675 3172 4732 PKH'.

2133 4759 2288 4839 Πρὸς
2317 4762 3024 4839 ᾁπίᾳκοπυνδέξωσθέντα
3047 4766 3160 4839 τῆς
3191 4767 3533 4839 ἐπισκοπῆς
3557 4771 3647 4839 μὴ

2175 4831 2562 4900 βουληθέντα
2599 4831 2929 4890 συνθέσθαι
2953 4836 3034 4901 τῷ
3080 4831 3297 4905 Ἀρείου
3323 4831 3602 4907 donius}.

2180 4921 2476 4988 Ἀπέλαὸες
2504 4926 2641 4996 ὅπερ
2670 4920 2739 4996 ἧς
2760 4968 2776 4993 ,
2817 4928 2918 4980 οὐκ
2966 4928 3256 4991 ἀπέϐαλες.
3288 4929 3365 4982 Οὐ
3411 4932 3530 5001 γὰρ
3556 4933 3687 4987 ὅταν

2098 5028 2183 5074 τις
2208 5012 2302 5065 τοῦ
2353 5013 2454 5082 τῆς
2483 5014 2737 5078 ἀσεὸείας
2766 5016 3006 5088 χωρισθῇ
3039 5018 3339 5085 καταλόγου
3363 5057 3381 5083 ,
3411 5022 3539 5073 τότε
3592 5024 3687 5077 καὶ

2099 5103 2208 5156 τῶν
2261 5105 2360 5175 τῆς
2406 5106 2686 5170 εὐσεσείας
2732 5109 3100 5181 ἀπεστέρηται
3132 5110 3360 5179 θρόνωνο
3400 5113 3683 5180 Αἰγύπτου

2098 5196 2157 5250 δὲ
2204 5198 2575 5270 περιπτύσσου
2629 5199 2727 5271 τὴν
2772 5199 3155 5273 ἀλλοτρίωσιν,
3190 5203 3285 5256 καὶ
3341 5203 3542 5273 νόμιζε
3594 5206 3685 5257 καὶ

2100 5287 2236 5358 πρὸς
2264 5289 2324 5342 σὲ
2353 5289 2443 5344 τὸν
2471 5292 2756 5362 προφήτην
2786 5292 3182 5363 μεγαλοφώνως
3213 5296 3557 5371 κεκραγέναι
3576 5314 3590 5326 ·
3620 5297 3683 5352 Τί

1650 5439 1835 5498 mos.
1865 5442 2135 5533 rnrsvu
2166 5446 2397 5507 NOTAE.

409 5575 641 5714 eiii)...

697 5577 825 5636 Τῶν
918 5577 1408 5649 συνεδρευόντων
1422 5576 1527 5671 μὲν
1588 5579 1669 5649 τῷ
1750 5597 1996 5657 προτεμε

2114 5604 2265 5652 uate
2341 5593 2793 5653 Subbasilicanos
2852 5598 3037 5664 verti,
3099 5596 3364 5655 Plautina
3426 5617 3569 5657 voce
3630 5611 3684 5659 tn
