3838 6236
469 236 609 297 1511
1538 234 1816 296 SYNESII
1856 236 1985 296 PTO

2222 239 2321 298 DIS
2357 240 2672 301 EPISCOPI
3622 251 3738 305 ιλιι

466 364 716 410 nostram
755 353 892 408 meis
919 367 1142 423 aequum
1181 360 1268 410 est
1301 367 1331 406 a
1360 353 1678 410 clarissimo
1715 353 1881 412 Patre
1919 357 1982 412 Pr

2222 361 2480 414 συστεῖλαι
2509 379 2600 431 μοι
2629 361 2862 433 τάχιστα
2890 362 2959 416 τὰ
2992 363 3192 433 psam,
3226 363 3373 433 άπερ
3406 362 3738 428 ἀποδέδωκας

465 445 554 500 elo
590 442 773 508 reddi,
807 454 1101 514 postquam
1130 451 1434 514 octogenos
1473 444 1603 500 illos
1652 459 1854 501 aureos
1895 463 1981 503 act

2224 452 2307 523 ιτῷ
2327 467 2343 484 ο
2372 452 2434 506 τὸ
2461 453 2885 525 Νικοστράτειον
2912 455 2979 527 δὴ
3007 455 3172 523 λέγω.
3207 457 3305 510 καὶ
3327 456 3389 508 τὸ
3416 455 3520 508 τοῦ
3566 457 3740 527 ’Δερι-

464 537 627 608 perit.
666 533 741 588 Da
789 535 956 589 etiam
985 548 1212 603 operam
1258 544 1319 589 ut
1355 533 1571 591 sodalis
1614 550 1772 593 meus
1808 536 1980 593 Troilt

2223 545 2350 608 τέως
2387 543 2763 616 Ἀλεξάνδρου.
2806 548 2870 600 El
2900 547 2989 601 διὰ
3025 549 3125 618 τὴν
3179 549 3335 620 ἱεράν
3368 566 3468 602 σου
3515 549 3739 602 διάθεσιν

464 641 605 697 quos
640 634 698 680 tu
722 626 769 680 ei
797 624 1117 681 reddideras
1140 626 1333 690 libros,
1373 642 1541 691 quam
1571 627 1842 684 citissime
1877 631 1945 685 ad
1974 649 1980 684 l

2224 636 2301 689 λοι
2331 638 2462 707 ἡμῖν
2495 640 2543 690 οί
2572 637 2827 710 ἄρξοντες
2856 640 3016 712 ἡμῷν
3045 640 3359 712 ὲπιδτλμοίεν
3387 680 3403 705 ,
3437 640 3583 711 πρὸς
3608 641 3740 707 φιλο-

462 718 686 783 mittat;
752 716 1158 772 Nicostrateum
1244 718 1397 783 dico,
1486 726 1540 773 et
1609 719 1977 788 Aphrodisien

2225 726 2351 795 φίαν
2393 728 2525 797 ἡμῖν
2562 728 2898 795 συντελέσεις
2927 729 2987 782 τὸ
3023 729 3187 801 μέρος
3212 729 3273 781 τὸ
3300 728 3412 793 σὺν,
3451 730 3583 782 ὅσον
3611 729 3741 783 Πλά-

458 804 782 862 Alexandri.
836 808 894 862 Si
945 824 1041 879 per
1082 824 1303 865 sacrum
1345 816 1401 865 et
1460 811 1722 865 eximium
1778 814 1967 882 animi

1905 814 2060 882 nigtui
2158 834 2267 871 των
2296 819 2511 890 ἡγεῖται
2546 820 2695 892 παρὰ
2726 823 2824 892 τῆς
2851 820 3073 892 ἀτιμίας
3098 820 3421 875 κωλύεσθαι.

456 896 712 981 allectum
770 906 1057 963 conciliati
1109 907 1274 964 nobis
1342 906 1433 962 hic
1484 916 1800 973 versentur,
1850 912 1944 982 qui
1999 914 2297 983 provincia:
2354 925 2560 972 nostra:
2609 916 2897 988 prasl'uturi
2956 928 3104 986 sunt,
3180 921 3412 974 multum
3474 918 3645 975 nobis
3684 919 3742 972 ad

453 1009 860 1081 philosophiam
896 1024 997 1079 pro
1023 1006 1171 1064 virili
1198 1014 1289 1061 tua
1317 1017 1475 1079 parte
1495 1007 1801 1065 contuleris
1830 1026 1846 1076 ;
1872 1018 2144 1080 quantum
2184 1013 2400 1070 scilicet
2432 1012 2734 1085 ignominia
2790 1022 2849 1071 et
2908 1023 3227 1086 contemptu
3296 1014 3561 1087 impediri
3635 1014 3742 1076 exi.

452 1107 639 1181 stimat
668 1104 843 1161 Plato.
1894 1104 1909 1170 λ

906 1239 1247 1297 EPISTOLA
1285 1240 1502 1297 CXXIX
1532 1246 1571 1299 ⁴’.
2285 1318 2301 1332 ⁵
2639 1243 2986 1324 ΕΙΠΣΤῼΛΗ
3024 1242 3231 1299 PKQ”.

1099 1354 1393 1425 Simplicia.

2768 1358 3120 1427 Σιμπλικίῳ.

515 1453 653 1508 Cum
686 1467 787 1508 nos
818 1466 915 1522 per
952 1450 1237 1505 Cerealem
1290 1450 1568 1516 salutasti,
1600 1451 1707 1507 hoc
1741 1453 1790 1507 ei
1840 1461 2031 1508 contu-

2226 1451 2499 1522 Ἐχαρίσω
2540 1451 2823 1521 Κερεαλίῳ
2851 1492 2863 1513 ,
2891 1450 2957 1503 δι’
2990 1447 3157 1503 αὑτοῦ
3191 1449 3510 1520 προσειπὼν
3550 1452 3700 1522 ἡμᾶς
3724 1493 3735 1515 ,

446 1545 583 1609 listi,
616 1546 696 1600 uti
752 1545 997 1615 quinque
1050 1544 1170 1599 dies
1223 1544 1370 1599 illius
1425 1544 1673 1614 nequitia
1740 1545 1962 1601 celaret:

2233 1542 2419 1595 λαθεῖν
2450 1543 2660 1614 ἡμέρας
2694 1542 2854 1596 πέντε
2882 1542 3118 1613 πονηρὸν
3144 1541 3293 1595 ὄντα.
3322 1543 3607 1596 ’Ἦλπισαν
3636 1546 3737 1615 γάρ

444 1638 582 1694 Βοηί
615 1640 761 1693 enim
782 1636 990 1707 aliquid
1019 1636 1275 1691 civitates
1296 1636 1364 1690 ab
1380 1652 1446 1691 eo
1470 1636 1695 1693 homine
1716 1653 1960 1707 sperarm

2229 1635 2463 1705 χρηστὸν
2510 1637 2564 1687 αἱ
2603 1634 2784 1697 πόλεις
2818 1635 2947 1705 παρ’
2982 1634 3203 1705 ἀνδρὸς,
3245 1634 3305 1687 ὃν
3346 1635 3445 1688 οὐκ
3492 1635 3736 1706 ἀπηξίω-

442 1745 609 1803 quem
636 1727 961 1799 Simplicius
986 1743 1156 1782 nosse
1180 1742 1291 1781 non
1332 1736 1677 1797 gravaretur.
1710 1729 1780 1782 At
1806 1729 1895 1784 ille
1928 1744 1958 1784 c

2217 1726 2367 1797 ν(65)
2400 1726 2597 1780 εἰδέναι
2632 1726 2974 1797 Σιμπλίκιος.
3001 1726 3058 1780 '0
3080 1727 3134 1779 δὲ
3165 1727 3302 1796 ταχὺ
3336 1727 3482 1796 μάλα
3508 1729 3733 1799 ᾔσχυνε,

442 1822 738 1875 admodum
798 1818 1007 1891 pudore
1041 1818 1245 1885 aﬂ‘ecit,
1307 1835 1418 1875 non
1476 1827 1531 1876 te
1585 1820 1810 1891 quidem
1868 1821 1958 1891 (ab

2243 1818 2342 1889 μὲν
2380 1818 2443 1872 οὓ
2473 1818 2589 1890 (μὴ
2628 1820 2738 1889 γάρ
2772 1834 2902 1871 ποτε
2937 1819 3024 1869 ἐπ’
3044 1816 3189 1887 ἄλλῳ
3232 1818 3301 1871 τὰ
3358 1818 3423 1872 σὰ
3453 1820 3731 1887 γένοιτο),

439 1898 609 1977 errirn,
642 1925 703 1968 ut
764 1920 872 1968 tua:
917 1928 1007 1968 res
1044 1913 1156 1968 sint
1208 1929 1277 1968 ex
1324 1914 1501 1969 altero
1554 1914 1890 1985 suspensae),
1941 1930 1955 1969 ε

2218 1908 2332 1964 ,ιτὸν
2355 1910 2443 1977 δὲ,
2480 1912 2573 1964 καὶ
2607 1909 2703 1982 τὴν
2739 1911 2916 1981 ἀρχὴν
2935 1949 2949 1973 ,
2978 1910 3073 1963 καὶ
3111 1910 3196 1962 ἵνα
3224 1910 3300 1981 μὴ
3328 1910 3632 1980 διατρίϐω,
3666 1914 3734 1965 τὰ

435 2009 678 2077 seipsum
719 2008 904 2078 potius
936 2021 1003 2061 ac
1062 2022 1226 2062 suum
1255 2008 1638 2077 magistratum
1668 2024 1682 2073 ;
1717 2015 1793 2073 et,
1820 2023 1891 2063 ne
1914 2006 1951 2061 Ι(

2216 2004 2437 2075 ωμαίων
2467 2003 2580 2075 (64)
2628 2004 2932 2075 πράγματα
2957 2042 2972 2067 ,
3025 2001 3184 2067 ὤνιος
3232 2003 3521 2079 ἄνθρωπος
3553 2006 3732 2076 ἐλαχὶ-

435 2098 561 2168 gius
584 2098 802 2163 faciam,
824 2096 1128 2151 Romanam
1158 2097 1592 2168 rempublicam;
1628 2097 1791 2153 homo
1834 2099 1951 2168 exig

2211 2114 2263 2149 ου
2294 2095 2436 2167 (65),
2466 2094 2622 2167 δόξης
2651 2096 2869 2172 ρμελὴς
2893 2135 2909 2156 ,
2938 2097 3243 2169 ἀπόλεμος,
3283 2097 3340 2149 ἐν
3389 2098 3586 2169 εἰρήνῃ
3628 2098 3727 2167 βα-

437 2190 616 2260 pretio
656 2189 900 2257 venalis;
934 2187 1092 2243 fatua:
1131 2196 1293 2258 atque
1324 2186 1754 2243 existimationis
1783 2195 1953 2242 conte

2209 2207 2275 2256 ς,
2327 2185 2395 2262 ἧς
2448 2190 2584 2262 πρὸς
2636 2189 2973 2262 βραχύτατον
3033 2190 3426 2245 ἀπολέλαυκεν.
3484 2189 3561 2243 Οὐ
3620 2189 3725 2260 γὰρ

435 2264 598 2353 ptor;
632 2282 846 2338 bellicae
874 2281 954 2337 rei
1012 2281 1343 2351 imperitus;
1379 2280 1434 2334 in
1464 2294 1603 2350 pace
1652 2280 1951 2349 importuni

2208 2283 2326 2356 εήθη
2383 2284 2575 2356 χρόνου
2612 2283 2748 2355 πρὸς
2808 2282 2871 2336 τὸ
2925 2284 3105 2338 πάντα
3145 2283 3449 2354 ἀνατρέψαι
3500 2301 3561 2337 τε
3634 2285 3724 2337 καὶ

431 2392 542 2446 qua
604 2374 936 2430 brevissimo
996 2381 1247 2444 tempore
1296 2371 1508 2442 potitus
1542 2379 1648 2427 est.
1701 2370 1823 2427 Non
1878 2386 1946 2426 en

2208 2375 2381 2446 γχέαι.
2409 2377 2623 2448 Ὥσπερ
2649 2376 2756 2448 γὰρ
2786 2375 2939 2441 ὄντος
2971 2376 3139 2447 νόμου
3161 2415 3176 2439 ,
3212 2375 3283 2430 τὰ
3312 2376 3420 2428 τῶν
3455 2392 3724 2447 στρατιω-

432 2468 598 2538 longo
631 2480 877 2537 tempore
918 2480 1058 2536 opus
1121 2465 1315 2519 habuit
1349 2464 1419 2518 ad
1462 2463 1760 2520 evertenda
1812 2474 1948 2534 pertt

2209 2486 2236 2521 ν
2280 2464 2419 2522 εἶναι
2456 2468 2566 2522 τῶν
2595 2468 2922 2540 στρατηγῶν
2948 2509 2964 2532 ,
3015 2468 3051 2523 ἃ.
3103 2469 3302 2531 πάντες
3334 2465 3482 2539 εἶχον
3518 2468 3722 2532 λαϐὼν,

430 2558 722 2627 handaque
751 2559 959 2612 omnia.
1023 2555 1159 2610 Nam
1196 2556 1430 2627 perinde
1465 2570 1531 2609 ac
1568 2556 1615 2610 si
1667 2556 1785 2625 lege
1838 2556 1946 2625 aliq

2206 2561 2431 2614 τέδωκεν
2481 2562 2663 2626 αὐτοῖς
2696 2562 2998 2633 ἀστρατίαν
3024 2601 3041 2626 ,
3082 2563 3178 2615 καί
3220 2562 3284 2615 τὸ
3340 2563 3419 2633 μὴ
3460 2563 3722 2617 συντετάε-

430 2652 667 2704 militum
697 2650 931 2707 fortuna:
953 2648 1020 2703 ad
1046 2649 1241 2703 ducem
1271 2647 1634 2718 pertinerent,
1653 2664 1774 2718 quze
1787 2650 1946 2719 quisq

2203 2670 2289 2718 αι,
2324 2653 2560 2723 βαδίζειν
2611 2655 2946 2725 ἐπιτρέψας,
2994 2648 3029 2729 ᾖ
3075 2671 3157 2719 τις
3206 2655 3344 2726 ᾦετο
3395 2654 3719 2725 θρέψεσθαι.

426 2741 739 2810 possideret
794 2740 1076 2810 accipiens
1109 2780 1127 2807 ,
1192 2740 1439 2796 vicissim
1504 2740 1613 2797 illis
1671 2742 1942 2797 vacationt

2204 2744 2312 2797 {ira
2345 2746 2472 2808 τοὺς
2511 2746 2841 2818 ἐπιχωρίους
2884 2748 3150 2817 ποιήσας,
3202 2745 3328 2799 ἐπεὶ
3372 2748 3497 2808 τοὺς
3532 2747 3720 2813 ξένους

424 2840 483 2887 et
518 2834 926 2888 immunitatem
955 2831 1150 2888 ordine
1189 2834 1465 2889 servando
1505 2834 1889 2906 largiebatur;
1926 2854 1940 2892 t

2202 2854 2223 2889 κ
2280 2832 2349 2909 ἦν
2413 2838 2805 2911 ἀργυρολογεῖν
2835 2879 2850 2903 ,
2886 2838 3327 2910 ἠργυρολόγησεν
3388 2839 3569 2891 αὐτῶν
3620 2841 3718 2904 τὰς

426 2923 575 2994 piam
602 2922 861 2978 omnibus
888 2921 1102 2977 faciens
1136 2936 1203 2977 eo
1232 2937 1292 2978 se
1322 2922 1669 2990 conferendi,
1706 2926 1799 2980 ubi
1854 2926 1927 2980 ali

2200 2930 2305 2990 λεις
2329 2969 2344 2995 ,
2373 2928 2529 2997 ἄγων
2561 2929 2654 2983 καὶ
2695 2929 2951 3000 μεθιστὰς
2975 2970 2989 2992 ,
3051 2930 3151 3001 οὐχ
3271 2928 3716 3000 λυσιτελέστερον

423 3030 589 3087 posse
612 3023 921 3087 sperarent.
975 3013 1104 3070 Haec
1135 3031 1261 3071 cum
1300 3015 1575 3088 indigenis
1598 3015 1845 3087 fecisset,
1878 3037 1939 3091 qr

2199 3015 2413 3093 ,ἀλλ’ᾖ
2461 3021 2916 3094 κερδαλεώτερον.
2950 3022 3327 3093 Βαρυνόμεναι
3370 3022 3482 3092 γάρ
3535 3020 3715 3077 αὐτῶν

424 3106 573 3163 niam
602 3125 632 3163 a
660 3108 970 3181 peregrinis
998 3118 1285 3179 argentum
1343 3110 1653 3180 exprimere
1679 3111 1843 3184 265
1904 3129 1938 3166 n

2200 3130 2216 3164 ι
2264 3112 2536 3185 καθέδραν
2585 3114 2643 3166 αἱ
2676 3114 2861 3177 πόλεις
2891 3115 3113 3185 χρυσίον
3150 3114 3454 3184 είσέφερον.
3490 3112 3716 3167 Τούτων

421 3209 657 3272 poterat,
690 3203 967 3272 expressit
1018 3201 1089 3256 ab
1140 3201 1361 3256 illorum
1420 3202 1760 3269 civitatibus,
1823 3206 1937 3277 c0pi

2202 3205 2287 3269 ἕως
2317 3204 2545 3275 ᾔσθοντο
2570 3206 2862 3266 Μακέται,
2891 3205 2987 3259 καὶ
3019 3207 3209 3275 γέγονε
3238 3206 3554 3276 διαδόσιμος
3604 3208 3718 3260 ἀπὸ

418 3310 553 3352 snas
584 3311 650 3351 eo
676 3294 977 3358 deducens,
1013 3294 1516 3366 commigransque,
1544 3311 1657 3352 non
1706 3296 1798 3351 ubi
1833 3297 1934 3366 maj

2120 3296 2231 3350 τῶν
2265 3296 2687 3370 μιξοϐαρϐάρων
2729 3298 2810 3361 είς
2840 3298 2968 3361 τοὺς
3002 3296 3312 3369 βαρϐάρους
3343 3298 3378 3368 ἢ
3404 3299 3599 3369 φήμη·

417 3384 819 3463 opportunitas,
874 3385 972 3443 sed
1030 3386 1124 3442 ubi
1187 3387 1499 3459 compendii
1556 3388 1831 3444 uberioris
1882 3404 2008 3457 spes
2046 3398 2188 3443 erat.
2238 3388 2377 3444 Cum
2415 3389 2567 3446 enim
2623 3390 2745 3459 ejus
2814 3390 3248 3445 commoratione
3294 3390 3554 3444 civitates
3612 3406 3717 3460 op-

417 3485 819 3554 primerentur,
862 3498 1058 3538 aurum
1107 3484 1559 3541 contribuebant.
1593 3483 1720 3540 "rec
1766 3486 1879 3540 cito
1913 3483 2135 3540 Macetae
2167 3500 2435 3553 sensere;
2499 3499 2745 3557 moxque
2770 3500 2802 3540 a
2836 3484 3231 3543 semibarbaris
3293 3483 3362 3539 ad
3434 3484 3714 3539 barbaros

412 3568 536 3649 ejus
564 3579 657 3633 rei-
684 3578 828 3632 fatua
864 3587 1162 3649 propagata
1197 3585 1306 3635 est.

487 3668 652 3731 Hinc,
676 3677 800 3739 quot
830 3683 942 3722 vere
972 3684 1101 3722 novo
1124 3666 1337 3736 frondes
1360 3669 1644 3740 ﬂoresque,
1678 3671 1923 3725 ruebant.

2187 3668 2337 3720 λθον
2384 3667 2570 3721 ἔπειθ’
2593 3666 2712 3721 ὅσα
2732 3669 2938 3736 φύλλα
2960 3665 3056 3719 καὶ
3073 3664 3254 3720 ἄνθεα
3282 3665 3510 3735 γίνεται
3532 3669 3703 3739 ἦρος.

486 3760 603 3818 lleu
653 3761 992 3828 iuventutem
1056 3760 1202 3816 male
1258 3776 1290 3816 a
1346 3761 1508 3818 nobis
1537 3760 1842 3817 amissam!
1885 3760 2002 3816 Heu

2188 3757 2273 3813 [ιεῦ
2327 3758 2427 3829 τῆς
2471 3757 2744 3829 νεότητος,
2794 3758 2862 3833 ἣν
2914 3756 3378 3828 ἀπολωλέκαμενί
3428 3760 3537 3815 Φεῦ
3591 3764 3704 3814 τῶν

413 3855 633 3926 frugum
680 3869 710 3908 a
746 3852 906 3908 nobis
951 3850 1160 3909 frustra
1202 3864 1455 3925 speratos
1506 3854 1843 3926 proventus!
1899 3854 1929 3906 Il

2186 3849 2352 3921 ρπῶν,
2401 3849 2496 3915 οὓς
2554 3850 2735 3921 μάτην
2789 3850 3135 3922 ὴλπίσαμενί
3211 3851 3583 3923 Ἐσπεὶραμεν
3626 3856 3702 3926 τῷ

408 3944 906 4011 stilibusﬂammis
940 3958 1104 4015 agros
1147 3946 1522 4002 consevimus.
1573 3945 1863 4016 Plerisque
1902 3961 1924 3999 r

2184 3942 2350 4015 λεμῐῳ
2382 3941 2536 4014 πυρί.
2592 3943 2719 4006 Τοῖς
2752 3942 2994 3996 πλείοσιν
3033 3941 3193 4014 ἡμῶν
3242 3943 3302 3996 τὺ
3353 3944 3613 3999 πλουτεῖν
3644 3950 3700 4011 ὲν

409 4022 588 4109 strum
620 4054 754 4110 epes
792 4044 952 4093 erant
1002 4040 1056 4093 in
1088 4054 1307 4111 pecore,
1360 4040 1415 4095 in
1456 4040 1722 4096 armentis
1760 4041 1925 4096 came!

2181 4039 2449 4107 σχήμασιν
2490 4030 2580 4105 ἦν,
2630 4036 2688 4089 ὲν
2736 4035 3019 4103 ἀγελαίαις
3067 4036 3356 4107 καμήλοις,
3402 4038 3460 4091 ἐν
3508 4039 3697 4104 ἵπποις

409 4148 558 4197 rum,
588 4132 642 4186 in
678 4132 992 4204 gregalibus
1012 4133 1260 4203 equabus
1285 4150 1299 4199 ;
1324 4133 1538 4204 periere
1564 4133 1784 4200 omnia;
1814 4148 1925 4187 omr

2180 4126 2362 4198 ρϐάσι.
2401 4126 2585 4181 Πάντα
2613 4126 2852 4199 οἴχεται·
2898 4126 3079 4182 πάντα
3109 4127 3389 4197 ἐλήλαται.
3432 4129 3694 4184 Δίσθάνο-

408 4232 538 4279 sunt
572 4225 789 4280 abacta.
828 4225 1020 4280 Sentio
1060 4240 1147 4281 me
1178 4240 1288 4295 prae
1344 4223 1537 4280 dolore
1572 4240 1680 4280 non
1734 4241 1860 4282 esse
1891 4242 1923 4278 n

2176 4237 2207 4273 ιι
2239 4220 2525 4290 γινόμενος
2548 4218 2654 4275 ὑπὸ
2693 4218 2787 4273 τοῦ
2830 4218 3039 4283 πάθους
3066 4221 3318 4292 ἔκφορος,
3367 4221 3533 4277 Ἀλλά
3560 4222 3692 4292 σύγ-

405 4325 737 4388 compotem.
764 4315 965 4373 Verum
1002 4317 1246 4388 ignosce,
1291 4332 1499 4387 quaeso.
1542 4317 1812 4373 Mmmbus
1847 4332 1915 4373 en

2177 4311 2293 4367 ωθι.
2357 4310 2631 4383 Τειχήρης
2692 4310 2803 4381 γάρ
2861 4312 3010 4381 εἰμι,
3080 4312 3173 4367 καὶ
3231 4312 3693 4385 πολιορκούμενος

404 4421 594 4484 septus
627 4427 792 4477 sum;
829 4418 884 4467 et
909 4411 1172 4468 obsessus
1227 4410 1343 4465 haec
1401 4409 1607 4473 scribo,
1662 4425 1760 4479 per
1807 4409 1920 4463 hor:

2176 4405 2320 4474 άφω,
2354 4404 2454 4475 τῆς
2483 4403 2631 4477 ὥρας
2663 4403 2924 4468 πολλάκις
2950 4405 3221 4475 φρυκτοὺς
3244 4404 3412 4477 ὁρῶν,
3455 4406 3558 4459 καὶ
3598 4406 3692 4460 αὖ·

404 4476 621 4574 sai-pius.
646 4476 797 4559 faces
825 4501 1120 4574 aspiciens,
1152 4515 1357 4571 easque
1391 4476 1700 4580 accendens
1745 4508 1800 4555 et
1854 4500 1920 4571 ip:

2175 4499 2228 4560 bc
2272 4497 2529 4552 ἀνάπτων
2559 4494 2653 4553 καὶ
2673 4496 2855 4563 αὐτὸς,
2885 4497 2980 4551 καὶ
3021 4498 3194 4569 αἴρων
3225 4476 3339 4564 τοῖς
3370 4500 3557 4566 ἄλλοις
3589 4518 3691 4573 ση-

401 4595 539 4650 etin
563 4595 782 4666 signum
824 4594 951 4649 aliis
989 4592 1283 4650 extollens.
1316 4590 1490 4648 Porro
1531 4592 1855 4648 venationes
1890 4592 1917 4646 il

2180 4591 2251 4643 ία.
2296 4588 2613 4659 Κυνηγέσια
2670 4590 2726 4644 δὲ
2773 4591 2956 4645 ἐκεῖνα
2999 4590 3072 4647 τά
3102 4593 3324 4664 πρόσω,
3352 4587 3437 4657 οἷς
3462 4591 3583 4665 [λιν.
3621 4595 3696 4652 τὰ

403 4685 737 4757 longinquae,
770 4685 972 4755 quibus
999 4684 1182 4739 securi
1211 4690 1376 4738 antea
1412 4690 1507 4737 tuo
1540 4683 1779 4737 maxime
1825 4684 1919 4737 ben

2181 4681 2290 4735 όσω
2320 4681 2617 4754 κατανοῶν]
2659 4682 2747 4735 ἐπ’
2799 4682 3048 4749 ἐξουσίας
3103 4685 3396 4758 ἐχρώμεθα
3419 4688 3696 4761 πρότερον

402 4772 530 4828 ﬂcio
560 4772 904 4837 fruebamur,
959 4773 1182 4844 penitus
1230 4772 1507 4829 abierunt.
1561 4770 1747 4845 Itaque
1792 4772 1915 4829 iden

2180 4775 2423 4846 [ἥκιστα
2456 4774 2547 4829 διὰ
2575 4776 2667 4839 σὲ,
2699 4777 2878 4832 πάντα
2922 4776 3092 4848 ἔρρει.
3130 4778 3240 4833 Καὶ
3285 4777 3554 4849 στένομεν
3591 4798 3696 4852 μι-

400 4866 526 4922 dem
560 4866 995 4937 ingemiscimus,
1027 4880 1155 4921 cum
1180 4864 1490 4936 juventutis
1512 4864 1663 4921 illius
1692 4865 1916 4921 reminis

2178 4865 2361 4937 ημένοι
2389 4865 2534 4938 ἥϐης
2561 4868 2610 4921 τ’
2634 4867 2870 4937 ἐκείνης,
2888 4866 2980 4921 νοῦ
3006 4868 3054 4922 τ’
3080 4868 3288 4923 ἐκείνου
3313 4869 3411 4922 καὶ⁵
3442 4871 3694 4941 φρενῶν.

403 4972 551 5023 mur,
584 4956 849 5029 illiusque
879 4957 1083 5014 mentis
1111 4971 1177 5013 ac
1211 4955 1540 5028 prudentiae.
1557 4957 1628 5011 At
1649 4971 1797 5012 nunc
1823 4972 1919 5028 equ

2174 4957 2241 5011 or
2291 4958 2704 5031 ίπποκροτεῐται
2740 4957 2855 5032 [γρ.
2909 4959 3232 5033 irrumpat]
3276 4960 3380 5033 μὲν
3426 4961 3690 5027 ἅπαντα,

1643 5134 1825 5191 DION.
1871 5132 2151 5191 PETAVII
2189 5133 2429 5194 ΝΟΤᾸΞ.

476 5294 585 5368 (6'5)
630 5296 742 5372 ’ον
768 5298 880 5352 οὐκ
911 5296 1278 5372 ἀπηξίωσεν.
1318 5293 1422 5351 Diu
1458 5301 1616 5372 antea
1654 5295 1802 5362 ἅπαξ
1828 5296 1991 5372 ἠξίω-

2169 5306 2385 5372 :o_mota
2422 5312 2547 5356 esse
2582 5312 2825 5366 censeo;
2873 5299 3060 5369 itaque
3091 5306 3216 5370 post
3253 5299 3487 5370 συγχέαι
3519 5315 3685 5372 repo-

403 5366 528 5433 σεν,
571 5369 719 5436 quod
772 5372 825 5421 in
874 5369 1102 5436 excusis
1143 5375 1303 5431 erat,
1355 5366 1680 5421 mutandum
1735 5369 1989 5435 conjece-
2088 5367 2285 5423 nenda.

399 5443 517 5491 ram
571 5435 626 5510 in
676 5437 1011 5508 ἀπηξίωσεν.
1075 5435 1234 5501 Quod
1287 5447 1480 5507 postea
1538 5436 1595 5490 in
1646 5452 1757 5492 uno
1807 5446 1915 5493 vetr

2186 5438 2271 5508 65)
2317 5440 2518 5504 Ὤνιος
2555 5438 2869 5507 ἄνθρωπος
2890 5439 3243 5510 ἐλαχίστου.
3273 5437 3396 5493 Non
3429 5438 3702 5495 dubitavi‘

403 5507 605 5581 reperi.
633 5579 667 5581 μ
718 5577 727 5581 Α
940 5577 951 5581 _
1008 5576 1026 5581 _
1180 5577 1226 5581 η
1359 5576 1369 5581 _
1420 5578 1467 5581 η
1626 5577 1635 5581 _
1775 5577 1823 5581 __
2085 5517 2276 5581 contra
2310 5518 2555 5565 veterum
2582 5510 2827 5581 omnium
2858 5507 3195 5581 consensum
3225 5520 3351 5581 post
3386 5511 3684 5581 ὲλαχίστον

470 5577 578 5649 (64)
624 5577 733 5629 Καὶ
762 5578 863 5649 ἵνα
882 5577 967 5647 μὴ
998 5576 1290 5649 διατρίϐω,
1313 5576 1385 5632 τὰ
1417 5577 1739 5649 Ῥωμαίων,
1770 5577 1826 5649 Si
1853 5592 1986 5632 sana

2168 5582 2496 5636 tinctionem
2528 5579 2790 5649 adjicere,
2824 5588 2883 5634 ut
2918 5581 2984 5635 ad
3013 5579 3173 5641 ὤνιος
3203 5576 3684 5638 ῐέῐετοιυτΪΝαιιι

401 5646 568 5724 lectio
599 5656 716 5724 est,
762 5646 1085 5724 ‘rele_r_enda_
1112 5649 1225 5701 haec
1260 5658 1389 5724 sunt
1415 5648 1736 5724 ad‘ﬁgxuve.
1780 5646 1917 5702 Veru

1893 5662 1982 5701 um
2088 5652 2278 5723 scripti
2315 5667 2507 5709 omnes
2540 5646 2667 5723 post
2695 5650 2875 5723 δόξης,
2912 5651 3149 5724 στιγμὴν
3178 5650 3409 5706 habent.

404 5717 568 5770 verba
599 5716 712 5770 ha:c
753 5717 843 5787 (τὰ
880 5716 1163 5787 Ῥωμαίων
1197 5716 1759 5791 πράγματαγιυχιιιιι,
1798 5726 1852 5774 et
1880 5730 1982 5775 suo
