3838 6236
221 224 358 279 1513

1332 214 1714 275 EPISTOLIE.
1755 246 1825 257 —
1857 214 2078 272 EPIST.
2117 214 2331 273 CXXX.

3325 214 3464 276 15M

217 341 313 392 zeal.
341 336 440 408 τήν
465 334 649 406 χώραν
699 332 883 404 έχουσι
924 331 1018 386 νῦν
1047 331 1096 385 οῖ
1125 331 1391 403 πολέμιοι.
1436 331 1578 400 Ἐγὼ
1606 330 1663 383 δὲ
1693 331 1797 383 ὑπὸ

1902 346 2020 383 rum
2060 330 2279 401 ungulis
2305 328 2590 399 pulsantur
2626 328 2833 393 omnia,
2883 344 3211 401 omnemque
3239 331 3346 389 late
3377 348 3466 390 re-

222 427 574 502 μεσοπυργίῳ
601 424 932 495 τεταγμένος
960 422 1279 495 ὑπνομαχῶ.

230 608 335 662 Ἔν
360 605 760 727 ἣῗέαομένόμοι
782 602 930 673 μᾶζα
941 602 1318 727 ἐξεμαγμένη,
1348 603 1417 657 ἐν
1445 603 1571 672 δορί
1596 599 1761 668 οἶνος

574 693 631 727 ικ
668 695 700 727 c
765 675 918 727 πίνω
1022 675 1091 727 ἐν
1111 673 1241 727 δοοὶ
1266 674 1638 727 κεκλιμένος.

374 673 700 744 Ἰσμαρικός
716 690 729 704 ·
765 675 918 729 ,πίνω
941 673 993 727 δ’
1022 675 1091 728 ἐν
1111 673 1241 741 δορὶ
1266 674 1638 742 κεκλιμένος.

220 770 334 821 Οὐκ
359 764 476 823 οἶδα
520 769 571 821 εί
616 767 815 839 μᾶλλον
872 767 1169 839 Ἀρχιλόχῳ
1211 768 1385 821 εἰπεῖν
1419 766 1591 820 ταῦτα
1624 781 1797 836 προσ-

221 863 423 930 ήκοντα
455 856 543 930 ἦν.
584 858 765 922 Κακὸς
800 860 985 923 κακῶς
1015 858 1268 913 ἀπόλοιτο
1296 856 1611 928 Κερεάλιος,
1641 857 1689 908 εί
1721 854 1796 926 μὴ

222 954 317 1006 καὶ
346 951 699 1022 προαπόλωλε
728 951 826 1020 τῆς
853 951 1024 1020 ἀρᾶς³
1056 948 1132 1012 ὡς
1161 948 1307 1013 ἄξιός
1328 964 1392 1016 γε
1426 942 1493 1017 ἦν
1519 946 1677 1017 ἔργον
1706 961 1798 1013 γε-

218 1046 433 1114 γονέναι
462 1044 553 1097 τοῦ
590 1043 780 1116 πρώην
822 1041 1090 1113 χειμῶνος
1113 1059 1127 1072 ο
1159 1040 1218 1103 ὃς
1246 1038 1432 1109 ἐπειδὴ
1482 1038 1581 1107 τὴν
1614 1035 1797 1107 χώραν

220 1133 360 1187 εἶδεν
398 1137 455 1187 ὲν
583 1133 829 1186 κινδύνου
861 1132 1217 1200 κατέστησεν,
1244 1128 1514 1199 ὴπίστησε
1544 1123 1800 1188 καθάπαξ

222 1226 289 1293 τῇ
311 1226 381 1293 γῇ
410 1239 425 1252 '
455 1222 549 1275 καὶ
577 1221 638 1274 τὸ
686 1219 909 1291 χρυσίον
962 1218 1135 1282 ἐνθεὶς
1183 1215 1516 1288 διαρμενίοις
1551 1212 1797 1278 ὁλκάσιν,

221 1311 316 1363 ἐπὶ
345 1309 617 1381 μετεώρου
646 1303 882 1362 σαλεύεί.
903 1307 1014 1371 Τὰς
1039 1307 1094 1360 δὲ
1117 1305 1402 1368 ἐπιστολὰς
1429 1303 1593 1357 αὺτοῦ
1623 1320 1799 1375 παρα-

223 1403 378 1473 φέρει
405 1402 667 1471 κελήτιον·
701 1398 876 1452 ταῦτα
904 1398 941 1453 ἃ
958 1397 1023 1468 δὴ
1051 1398 1147 1450 καὶ
1177 1394 1445 1467 ποιοῦμεν
1480 1394 1800 1449 ὲπιταττού-

224 1512 343 1558 σας,
366 1492 496 1547 εἵσω
516 1492 711 1562 τειχῶν
730 1486 889 1556 εἶναι,
916 1488 1118 1559 μηδένα
1133 1487 1413 1558 προπηδᾷν
1435 1486 1540 1539 τῶν
1555 1486 1797 1557 τάφρων,

225 1586 362 1656 μηδὲ
390 1583 556 1655 ὁμόσε
605 1583 801 1653 χωρεῖν
840 1580 1076 1651 ἀμάχοις
1100 1576 1440 1647 ἀνθρὼποις’
1490 1576 1524 1648 ἢ
1568 1577 1801 1647 διαμαρ-

1897 422 2111 492 gionem
2136 422 2327 476 hostes
2358 419 2630 475 obtinent.
2686 417 2802 487 Ego
2853 434 2955 489 pro
2998 421 3272 478 moenibus
3324 423 3466 479 inter

1897 519 2082 566 turres
2110 512 2410 566 collocatus
2445 522 2642 565 somno
2671 507 2977 566 conﬁictor.

1971 606 2132 660 Maza
2166 605 2295 660 mihi
2321 606 2531 659 hastato
2563 605 2850 674 praebetur,
2888 604 3128 661 Bacchus
3159 607 3215 661 in
3240 606 3401 663 hasta

2044 676 2335 731 Ismaricus
2353 692 2372 729 .'
2394 676 2517 728 dum
2545 692 2626 730 me
2651 678 2873 729 sustinet
2904 676 3082 740 hasta,
3116 678 3257 732 bibo.

1896 768 2093 823 Nescio
2124 784 2191 821 an
2232 767 2623 820 Archilochum
2654 766 2830 835 magis
2879 766 2993 819 haec
3032 781 3302 836 usurpare
3333 778 3495 822 (ιοιι-Δ

1897 860 2126 913 veniret.
2162 858 2297 911 Male
2328 860 2505 911 malus
2545 864 2729 926 pereat
2775 855 3038 922 Cerealis,
3066 857 3171 913 nisi
3203 866 3330 912 ante
3365 858 3469 912 im-

1898 951 2272 1021 precationem
2300 950 2563 1019 perierit;
2602 949 2737 1003 adeo
2759 949 2959 1020 dignus
2998 958 3117 1004 erat
3143 964 3305 1019 quem
3340 964 3469 1019 pro-

1898 1044 2042 1096 sima
2073 1051 2367 1111 tempestas
2420 1056 2451 1096 e
2504 1041 2682 1096 medio
2724 1042 2954 1096 tolleret.
3021 1039 3124 1106 Qui
3177 1046 3466 1111 postquam

1898 1134 2286 1188 animadvertit
2338 1148 2586 1203 quaenam
2613 1133 2669 1186 in
2698 1133 2937 1202 pericula
2963 1131 3302 1202 provinciam
3332 1145 3467 1185 con-

1892 1224 2136 1293 jecisset,
2167 1232 2326 1278 terrae
2359 1225 2579 1295 penitus
2602 1225 2810 1279 dillidit.
2851 1224 3039 1291 Itaque
3062 1239 3198 1278 auro
3229 1223 3377 1278 omni
3411 1222 3469 1278 in

1897 1316 2172 1370 actuarias
2197 1316 2340 1371 binis
2374 1318 2507 1373 velis
2536 1318 2834 1372 instructas
2866 1316 3149 1385 imposito,
3175 1314 3230 1368 in
3270 1314 3388 1370 salo
3415 1322 3469 1368 et

1898 1408 2155 1464 anchoris
2180 1408 2426 1463 ﬁuctuat.
2455 1408 2675 1463 Littera;
2705 1423 2835 1463 vero
2863 1408 3010 1461 illius
3038 1406 3259 1475 parvula
3287 1405 3470 1462 celoce

1898 1500 2262 1555 deferuntur:
2287 1517 2408 1572 quae
2438 1502 2604 1565 idem,
2636 1500 2785 1570 quod
2833 1515 2935 1555 nos
2971 1498 3225 1562 facimus,
3276 1497 3470 1568 praeci-

1900 1595 2077 1662 piunt,
2103 1600 2163 1646 ut
2193 1592 2337 1646 intra
2371 1606 2560 1647 muros
2592 1591 3018 1657 contineamur;
3054 1604 3125 1643 ne
3177 1589 3465 1658 quisquam

220 1677 442 1748 τύρεται
468 1674 705 1746 καθαρὸς
734 1673 908 1736 αἰτίας
930 1670 1088 1724 εἶναι.
1115 1668 1364 1732 Φυλακὰς
1390 1668 1447 1722 δὲ
1477 1669 1797 1722 καθιστάναι

1902 1692 2056 1739 extra
2091 1685 2268 1740 fossas
2304 1684 2541 1751 exsiliat,
2584 1698 2720 1739 neve
2753 1698 2877 1737 cum
2915 1681 3139 1737 invictis
3191 1680 3325 1735 viris
3354 1693 3470 1733 ma-

220 1767 459 1820 διδάσκει
491 1766 590 1836 τῆς
629 1762 821 1827 νυκτὸς
860 1762 1147 1833 τέτταρας,
1182 1759 1257 1822 ὡς
1284 1760 1343 1812 ὲν
1370 1760 1449 1829 τῷ
1484 1760 1559 1830 μὴ
1598 1758 1797 1814 καθεύ-

220 1859 333 1911 δειν
360 1856 533 1909 οὐσῶν
562 1855 671 1908 τῶν
696 1852 946 1907 ἐλπίδων.
975 1853 1157 1905 Ἔοικε
1180 1851 1288 1921 γάρ
1316 1845 1453 1903 εἶναι
1480 1851 1549 1905 τὰ
1575 1851 1798 1904 τοιαῦτα

224 1949 407 2018 σοφὸς,
444 1949 538 2003 ἀτε
567 1947 869 2017 ἐπιτήδειος
900 1945 1117 2014 ἀτυχεῖν
1152 1944 1457 2015 ἄνθρωπος.
1487 1944 1596 1996 Καί
1627 1943 1708 1997 τοί
1734 1961 1798 2011 γε

221 2044 354 2111 ἡμῖν
382 2040 502 2092 οὐδὲ
530 2039 777 2109 μετέχειν
802 2035 1076 2107 ήϐουλήθη
1102 2034 1211 2088 τῶν
1240 2035 1553 2107 συμφορῶν.
1585 2035 1660 2087 0ιί
1690 2033 1798 2105 γὰρ

222 2133 353 2202 παρ’
382 2131 607 2196 ἔπαλξιν
632 2130 821 2199 ὥσπερ
848 2128 959 2195 ἐγὼ
989 2127 1243 2190 Συνέσιος
1275 2129 1303 2180 6
1332 2126 1639 2196 φιλόσοφος,
1666 2126 1801 2180 ἀλλά

222 2222 374 2292 παρὰ
408 2223 599 2293 κώπην
643 2223 672 2275 6
704 2219 1005 2291 στρατηγὸς
1034 2219 1269 2273 ἵσταται.
1305 2219 1370 2271 Εἰ
1401 2218 1465 2289 δὴ
1497 2217 1605 2272 τῶν
1639 2234 1800 2288 ποιη-

225 2316 411 2385 μάτων
436 2314 591 2387 νὲρᾷς
644 2314 786 2383 άπερ
819 2312 1064 2381 ᾔτησαςο
1102 2309 1195 2362 καί
1221 2309 1303 2362 τοί
1336 2326 1401 2375 γε
1444 2310 1604 2378 ἡμεῖς
1646 2309 1799 2362 οὐδὲν

218 2404 404 2465 αὐτοῖς
442 2401 699 2470 σύνισμεν
727 2398 949 2467 ἀγαθὸν,
979 2400 1061 2451 ὅτι
1097 2396 1171 2468 μὴ
1214 2396 1312 2468 τὴν
1351 2396 1637 2449 ὑπόθεσιν·
1673 2397 1800 2449 σύν-

220 2494 374 2560 ευξαι
404 2490 733 2563 Κυρηναίοις
771 2489 965 2561 μικρὸν
1011 2488 1119 2542 ἀπὸ
1149 2487 1260 2541 τῶν
1295 2486 1475 2541 ὅπλων
1517 2486 1789 2555 γενέσθαι.

233 2586 322 2648 Ὠς
350 2583 457 2655 γὰρ
490 2584 584 2636 νῦν
616 2582 831 2652 ἔχομεν,
862 2580 962 2633 οὐκ
994 2579 1140 2634 ἔστιν
1168 2579 1278 2634 ἀπὸ
1308 2578 1577 2633 κιϐωτίων
1604 2578 1791 2650 ἐξεράο

221 2694 314 2738 σαι
343 2676 455 2748 [πο.
490 2673 808 2746 ὲξάρασθαι]
841 2672 1038 2744 βιϐλία.

1897 1791 2026 1829 num
2045 1790 2427 1841 conseramus,
2453 1775 2659 1846 alioqui
2678 1773 2813 1829 deos
2828 1772 3189 1842 hominesque
3212 1777 3468 1833 testatur,

1895 1865 2046 1919 omni
2095 1878 2155 1920 se
2187 1865 2347 1934 culpa
2385 1872 2726 1919 vacaturum.
2767 1863 2850 1918 Ad
2900 1862 3016 1917 haec
3046 1869 3343 1932 quaternas
3374 1874 3471 1930 per

1896 1962 2114 2010 noctem
2141 1954 2357 2026 vigilias
2385 1955 2651 2011 constitui
2679 1954 2872 2023 jubet;
2903 1952 3061 2023 quasi
3095 1952 3153 2006 in
3201 1950 3471 2006 insomnia

1898 2060 2023 2112 Spes
2055 2045 2127 2099 sit
2158 2045 2341 2100 omnis
2375 2054 2567 2101 nostra
2622 2047 2823 2116 posita.
2878 2043 3113 2100 Videtur
3138 2043 3285 2098 enim
3318 2041 3473 2096 hisce

1898 2130 1953 2183 in
1995 2129 2160 2185 rebus
2184 2140 2476 2200 expertus;
2509 2141 2701 2201 utpote
2730 2133 2994 2188 aerumnis
3025 2147 3091 2186 ac
3116 2131 3353 2187 miseriis
3382 2147 3473 2187 as-

1898 2217 2200 2275 suefactus.
2252 2220 2369 2275 Etsi
2394 2236 2475 2275 ne
2509 2223 2799 2278 nobiscum
2835 2224 3058 2293 quidem
3100 2237 3469 2276 aerumnarum

1898 2323 2021 2363 esse
2049 2311 2221 2364 voluit
2249 2312 2549 2383 particeps.
2582 2312 2699 2367 Non
2731 2314 2881 2369 enim
2912 2314 2980 2369 ad
3033 2313 3471 2385 propugnacula,

1899 2398 2063 2469 266
2097 2410 2154 2455 ut
2184 2415 2285 2471 ego
2316 2402 2581 2472 Synesius
2607 2402 2990 2473 philosophus,
3019 2404 3113 2458 sed
3150 2402 3220 2457 ad
3258 2416 3469 2457 remum

1900 2489 2008 2543 dus
2046 2492 2322 2547 consistit.
2354 2494 2537 2559 Quare
2569 2494 2613 2548 si
2650 2502 2906 2564 poemata
2947 2493 3252 2557 desideras,
3284 2505 3406 2562 quae
3433 2505 3471 2543 .1

1901 2596 1990 2636 me
2021 2583 2332 2650 postulasti,
2380 2586 2597 2640 tametsi
2660 2587 2714 2639 in
2756 2586 2825 2641 iis
2860 2584 3019 2651 nihil,
3070 2591 3271 2655 praeter
3310 2597 3474 2653 argu-

1892 2685 2135 2730 mentum
2161 2713 2177 2739 ,
2205 2675 2367 2730 laude
2387 2676 2610 2746 dignum
2640 2677 3012 2746 agnoscimus,
3043 2690 3168 2730 cum
3197 2672 3473 2747 Cyrenaais

222 2784 471 2842 precare.
503 2774 562 2820 ut
585 2766 653 2820 ab
677 2766 845 2819 armis
877 2764 1150 2834 respirare
1180 2762 1363 2815 liceat.
1395 2760 1531 2814 Nam
1568 2766 1625 2813 ut
1653 2775 1799 2814 nunc
1839 2775 1897 2817 se
1934 2770 2136 2820 nostra:
2156 2780 2245 2821 res
2269 2766 2487 2831 habent,
2523 2765 2693 2820 libros
2721 2782 2752 2821 e
2790 2766 2986 2822 loculis
3039 2780 3261 2838 egerere
3298 2765 3469 2820 otium

224 2870 312 2917 est
343 2860 579 2913 nullum.

749 2943 1095 2998 ΕΠΙΣΤΟΛΗ
1133 2943 1257 2995 PA'.

821 3032 1205 3103 Πυλαιμένει.

296 3132 434 3195 Τοὺς
468 3127 876 3198 γεωμετρικοὺς
902 3126 1061 3196 ὄρους
1091 3120 1488 3193 ἀληθεστάτους
1523 3118 1679 3191 ἡγοῦ,
1711 3120 1802 3171 ὅτε

225 3241 294 3293 γε
326 3222 423 3275 καὶ
449 3223 569 3283 ταῖς
597 3219 783 3281 ἄλλαις
812 3216 1140 3285 ἐπιστήμαις
1165 3215 1398 3284 ὑπάρχει
1424 3210 1799 3282 σεμνύνεσθαι,

221 3310 329 3365 κᾶν
359 3308 695 3379 καταμικρὸν
725 3308 807 3369 εἰς
838 3306 937 3369 τὰς
967 3304 1267 3369 ἀποδείξεις
1291 3302 1470 3357 αὐτῶν
1500 3304 1564 3355 ὲκ
1590 3317 1803 3370 γεωμε-

222 3401 380 3472 τρίας
404 3418 457 3454 τι
488 3398 951 3469 συμπορίσωνται.
985 3396 1141 3449 Ἔστι
1192 3394 1364 3465 δήπου
1414 3411 1498 3455 τις
1536 3393 1594 3445 ἐν
1620 3393 1804 3453 αὐτοῖς

222 3495 385 3561 λόγος
416 3489 583 3556 ἀξιῶν
612 3488 681 3542 τά
705 3487 782 3558 τῷ
810 3487 958 3558 αὐτῷ
990 3486 1058 3541 τὰ
1086 3485 1245 3550 αὐτὰ,
1275 3486 1366 3540 καὶ
1393 3484 1643 3555 ἀλλήλοις
1664 3478 1801 3537 εἶναι

221 3584 334 3636 δεῖν
369 3581 436 3635 τά
481 3580 640 3634 αὑτά.
682 3578 836 3648 Ἐμοὶ
866 3578 927 3649 δή
965 3595 1023 3630 σε
1052 3578 1150 3648 μὲν
1177 3579 1204 3630 6
1229 3576 1429 3647 τρόπος
1462 3576 1685 3645 ἐποίησε
1715 3574 1802 3642 φί-

221 3676 315 3727 λον
335 3690 349 3703 ·
381 3674 471 3725 τὸν
513 3672 571 3725 δὲ
605 3671 905 3741 θαυμάσιον
939 3670 1183 3737 Διογένη,
1225 3668 1318 3722 καὶ
1350 3669 1384 3737 ή
1418 3667 1577 3735 φύσις
1600 3684 1612 3696 ·
1632 3666 1797 3736 ἄμφω

221 3766 280 3817 δὲ
320 3764 437 3826 ἑνός
466 3764 588 3815 ὲστε
617 3762 779 3830 φίλοι.
820 3762 911 3813 Δεῖ
939 3760 1002 3829 δὴ
1038 3761 1130 3812 καὶ
1173 3758 1417 3829 ἀλλήλων
1468 3758 1611 3826 ὑμᾶς
1642 3758 1801 3827 ἐξηρ-

220 3856 455 3924 τῆσθαι,
500 3853 751 3922 καθάπερ
798 3852 931 3921 ἐμοῦ
984 3852 1076 3905 τοῦ
1126 3849 1311 3920 μέσου.
1367 3848 1629 3902 Συνάπτω
1687 3863 1800 3899 τοι·

221 3945 428 4016 γαροῦν
468 3947 612 4015 ὑμᾶς
658 3944 906 4014 ἀλλήλοις
956 3943 1045 3996 διὰ
1088 3943 1188 4011 τῆς
1237 3941 1542 4012 ἐπιστολῆς,
1583 3939 1701 4010 μεθ’
1734 3932 1802 4008 ἧς

221 4036 420 4091 ἑαυτὸν
473 4037 571 4105 μὲν
606 4033 857 4087 ἐπιδώσει
898 4034 962 4103 τῇ
1014 4033 1165 4101 φιλίᾳ
1197 4032 1299 4101 τῆς
1351 4032 1451 4100 σῆς
1496 4045 1796 4100 σεμνοπρε-

223 4125 386 4187 πείας
424 4126 452 4176 6
474 4123 775 4192 θαυμάσιος
805 4122 1092 4193 Διογένης·
1132 4121 1480 4191 ἀντιλήψεται
1507 4118 1583 4183 δὲ,
1618 4114 1677 4172 εὖ
1700 4115 1793 4171 οἶδ’

222 4216 330 4278 ὅτι,
364 4212 453 4266 τὸν
506 4212 635 4281 ἐμὸν
689 4211 1027 4281 Πυλαιμένη.
1083 4210 1279 4263 Καλῶν
1330 4210 1439 4280 γάρ
1483 4212 1638 4280 ὲμὸν,
1672 4209 1795 4263 οὔτε

2396 2938 2739 2996 EPISTOLA
2776 2941 2970 2997 CXXX
2985 2986 2996 2997 .

2535 3030 2847 3101 Pylwmem'.

1974 3117 2348 3174 Geometricas
2389 3118 2738 3176 deﬁnitiones
2775 3123 3096 3178 verissimas
3140 3140 3263 3182 esse
3300 3136 3472 3197 puta:

1902 3223 2030 3263 cum
2072 3216 2280 3263 caetera:
2311 3210 2476 3263 etiam
2525 3211 2832 3279 disciplinm
2886 3214 3210 3282 glorientur,
3259 3218 3476 3287 quoties

1903 3298 2160 3365 exiguum
2198 3297 2405 3368 aliquid
2435 3296 2503 3352 ad
2532 3312 2663 3354 suas
2700 3299 3195 3358 demonstrationes
3226 3320 3292 3359 ex
3344 3322 3475 3375 geo-

1906 3388 2097 3440 metria
2138 3388 2575 3457 corrogaverint.
2633 3387 2729 3443 Est
2779 3397 2961 3445 autem
3015 3392 3271 3447 nimirum
3334 3396 3477 3452 ratio

1904 3476 2151 3543 quaedam
2203 3477 2348 3531 inter
2402 3475 2560 3543 illas,
2612 3493 2736 3547 quae
2785 3482 2926 3534 ratio
2978 3482 3167 3536 eadem
3220 3484 3363 3539 inter
3418 3501 3478 3541 se

1905 3564 2093 3621 deﬁnit
2119 3581 2243 3622 esse
2282 3574 2557 3637 oportere,
2610 3584 2732 3639 qua:
2791 3570 2979 3624 eadem
3034 3586 3159 3626 cum
3221 3588 3333 3629 uno
3382 3589 3478 3631 eo-

1910 3658 2142 3727 demque
2176 3656 2403 3713 fuerint.
2444 3657 2564 3713 Jam
2603 3676 2727 3714 cum
2776 3668 2829 3716 te
2872 3661 3005 3716 mihi
3058 3664 3311 3730 animus,
3364 3682 3478 3721 mo-

1905 3763 2103 3817 resque
2141 3749 2489 3803 conciliarint
2516 3790 2531 3815 ,
2563 3752 2840 3820 egregium
2872 3766 3002 3806 vero
3038 3751 3333 3824 Diogenem
3379 3771 3479 3811 na-

1901 3847 2025 3892 tura
2047 3838 2208 3893 etiam
2241 3841 2380 3909 ipsa,
2428 3843 2588 3895 ambo
2619 3851 2800 3897 autem
2827 3844 3275 3913 ejusdem'amici
3309 3849 3433 3903 sitis
3458 3892 3474 3916 ,

1902 3943 2128 3984 necesse
2163 3937 2242 3985 est
2270 3930 2515 4001 profecto
2558 3934 2792 3989 invicem
2842 3951 2940 3991 vos
2981 3953 3105 3992 esse
3144 3939 3475 4009 devinctos;

1901 4020 2358 4089 quemadmodum
2402 4038 2616 4078 mecum
2660 4026 2816 4090 estis,
2867 4035 3128 4099 tanquam
3178 4046 3303 4085 cum
3364 4048 3478 4087 me-

1904 4114 1996 4167 dio
2023 4154 2039 4179 ,
2091 4113 2351 4183 colligati.
2405 4112 2774 4179 Quamobrem
2825 4131 2924 4173 vos
2958 4134 3060 4189 ego
3104 4121 3339 4177 invicem
3376 4123 3478 4178 hac

1902 4205 2132 4272 epistola
2162 4204 2471 4275 conjungo;
2503 4223 2609 4276 qua
2642 4222 2764 4262 cum
2795 4209 3034 4279 seipsum
3065 4212 3478 4281 magniﬁcentiae

224 4278 682 4373 αἰσχύνεινξοῠτε
712 4278 1060 4372 αἰσχύνεσθαι
1092 4302 1321 4372 φήσαιμ’
1356 4278 1422 4354 ἂν
1444 4278 1637 4369 ἔγωγε.
1672 4300 1794 4354 Ὅτι

1902 4304 2005 4349 tua!
2052 4295 2306 4349 amicitia:
2356 4297 2654 4365 praeclarus
2706 4278 2974 4369 Diogenes
3031 4278 3364 4368 committet,
3410 4319 3476 4360 ac

222 4396 281 4447 δὲ
307 4393 394 4445 διὰ
435 4392 529 4444 σοῦ
558 4391 652 4444 καὶ
675 4391 801 4452 τοὺς
832 4389 1023 4452 ἄλλους
1052 4389 1163 4452 ἕξει
1184 4389 1309 4451 τοὺς
1340 4388 1440 4457 ἐμὲ
1472 4386 1796 4455 ἀγαπῶντας

224 4486 431 4553 φίλους,
466 4487 610 4545 ὅσοις
655 4483 713 4535 δὲ
758 4482 984 4552 δύναμίς
1028 4482 1165 4545 ἐστι,
1199 4481 1293 4533 καὶ
1336 4481 1659 4550 χρησίμους,
1698 4481 1799 4531 οὐκ

223 4578 290 4631 ἂν
320 4577 525 4638 δίκαιος
546 4575 683 4645 εῖην,
715 4575 761 4626 εἰ
791 4573 1214 4644 ἀμφιϐάλλοιμι·
1255 4572 1336 4625 δεῖ
1363 4572 1421 4624 δὲ
1454 4570 1604 4641 αὑτῷ
1629 4569 1798 4639 φίλων

224 4666 534 4739 χρησίμων.
570 4664 731 4735 εἴπερ
770 4681 846 4734 τῳ
880 4664 1119 4718 πώποτε.
1157 4661 1239 4715 Τὰ
1280 4661 1389 4733 γὰρ
1439 4662 1560 4714 κατ’
1614 4660 1796 4723 αὑτὸν,

223 4765 301 4822 ὡς
346 4759 402 4812 ὲν
432 4756 822 4828 βραχυτάτοις,
856 4752 1026 4816 οὕτως
1068 4753 1182 4823 ἔχει
1211 4770 1225 4784 ο
1260 4752 1396 4817 Νέος
1419 4753 1566 4805 ἐστὶν
1596 4750 1800 4814 ἁπλοῦς

222 4851 321 4904 καὶ
351 4853 617 4919 γενναῖος,
659 4847 966 4917 θυμοειδὴς,
997 4846 1091 4899 καὶ
1125 4847 1319 4917 πρᾷος,
1353 4846 1496 4907 οἴους
1524 4846 1553 4896 6
1578 4844 1802 4897 Πλάτων

220 4942 366 5005 ἀξιοῖ
384 4942 482 5011 τῆς
503 4939 699 4995 ἑαυτοῦ
730 4939 938 5001 πόλεως
965 4939 1089 5001 τοὺς
1113 4938 1356 5005 φύλακας
1377 4932 1535 4990 εῖναι.
1578 4934 1803 5005 Ἐστρά-

218 5032 408 5086 τευταί
442 5032 506 5100 γέ
530 5049 614 5084 τοι
652 5033 747 5085 καὶ
776 5024 929 5092 οὗτος
963 5029 1158 5098 κομιδῆ
1190 5029 1475 5097 μειράκιον
1508 5025 1601 5080 ὢν.
1642 5027 1803 5094 ’Λρτι

219 5124 281 5175 δὲ
307 5121 366 5186 ἐξ
399 5120 616 5191 ἐφήϐων
639 5115 773 5190 ἦρξε
802 5121 930 5189 παρ’
959 5120 1089 5189 ἡμῖν
1111 5118 1209 5188 τὴν
1235 5118 1342 5169 τῶν
1375 5114 1796 5188 στρατευμάτων

218 5211 420 5283 ἀρχὴν,
470 5209 950 5280 παραϐαλλόμενος
992 5209 1085 5261 ἐπὶ
1138 5207 1419 5276 βασκάνων
1476 5204 1790 5275 μαρτύρων.

218 5300 470 5355 Τοιοῦτον.
502 5301 611 5372 γὰρ
658 5302 707 5354 οἱ
758 5300 975 5353 πολῖται
1036 5298 1172 5369 πρὸς
1218 5298 1364 5351 ἆπαν
1403 5297 1462 5349 τὸ
1508 5292 1790 5365 εὐτυχοῦν·

220 5392 340 5446 ἀλλ’
367 5385 520 5454 οὗτος
554 5392 743 5445 ἑαυτὸν
775 5391 1015 5462 παρέσχε
1047 5388 1143 5441 καὶ
1174 5387 1367 5455 φθόνου
1396 5384 1626 5457 κρείττω
1656 5382 1789 5453 (66).

1902 4386 2112 4440 deferet
2148 4407 2162 4442 :
2198 4388 2444 4443 vicissim
2479 4399 2679 4454 autem,
2728 4392 2806 4445 uti
2838 4393 3075 4457 conﬁdo,
3117 4393 3472 4464 Pylaemenem

1904 4490 2082 4528 meum
2120 4477 2372 4545 accipiet.
2406 4476 2577 4543 Quem
2621 4496 2744 4532 cum
2805 4483 3019 4550 appello
3064 4497 3268 4545 meum,
3301 4498 3477 4554 neque

1905 4565 1982 4617 illi
2019 4565 2282 4633 pudorem
2330 4566 2532 4633 facere,
2563 4582 2739 4636 neque
2778 4568 2919 4623 allici
2956 4584 3065 4634 me,
3102 4570 3366 4626 audacter
3393 4572 3479 4627 di-

1905 4658 2098 4711 xerim.
2132 4658 2241 4713 Sed
2270 4658 2511 4729 reliquos
2542 4660 2788 4728 insuper,
2823 4660 2919 4729 qui
2966 4674 3053 4715 me
3084 4670 3290 4728 ament,
3339 4661 3477 4716 ami-

1900 4763 2017 4811 cos,
2049 4763 2147 4803 eos
2192 4749 2358 4803 etiam
2395 4750 2582 4815 utiles,
2650 4750 2853 4820 quibus
2905 4749 3141 4808 facultas
3200 4760 3473 4821 suppetet,

1900 4855 1995 4908 per
2025 4848 2078 4895 te
2118 4840 2271 4894 illum
2307 4841 2898 4913 habiturum,iniquus
2950 4843 3053 4898 sim
3102 4842 3149 4899 si
3204 4843 3475 4899 dubitem.

1900 4929 1994 4982 Est
2035 4938 2216 4985 autem
2252 4932 2382 5003 ipsi,
2415 4933 2462 4987 si
2492 4933 2580 4986 cui
2614 4948 2853 5002 unquam
2884 4933 3068 4998 alteri,
3100 4934 3297 4989 amicis
3337 4949 3476 5003 opus

1902 5022 2154 5077 utilibus.
2187 5021 2237 5077 Is
2267 5024 2412 5077 enim
2442 5030 2546 5086 est,
2599 5032 2657 5077 ut
2714 5024 2905 5092 paucis
2937 5023 3249 5093 expediam,
3291 5040 3474 5080 rerum

1906 5113 2054 5167 illius
2094 5121 2311 5167 Status:
2358 5114 2696 5169 Adolescens
2738 5115 2967 5183 simplex
2996 5123 3102 5180 est,
3146 5129 3211 5169 ac
3248 5130 3479 5187 genero-

1903 5218 2022 5264 sus,
2060 5204 2225 5257 animi
2268 5204 2483 5274 plenus,
2517 5212 2682 5277 atque
2729 5204 2896 5269 mitis,
2952 5206 3269 5274 cujusmodi
3318 5204 3479 5261 Plato

1901 5294 2041 5363 reip,
2075 5309 2190 5348 suae
2222 5294 2481 5349 custodes
2508 5308 2635 5350 esse
2660 5294 2961 5350 desiderat.
3024 5294 3274 5349 Militavit
3314 5311 3477 5365 porro

1898 5394 1954 5439 et
1983 5387 2029 5439 is
2065 5385 2354 5440 admodum
2396 5402 2551 5457 puer.
2592 5387 2785 5440 Statim
2808 5394 3014 5452 autem,
3054 5396 3343 5456 postquam
3378 5402 3479 5440 ex-

1454 5474 1631 5529 DION.
1666 5474 1942 5530 PETAVII
1984 5475 2214 5530 NOTAE.

297 5577 412 5647 (66)
460 5576 706 5631 Ἑαυτὸν
730 5577 994 5645 παρέσχε
1018 5574 1113 5627 καὶ
1129 5576 1327 5697 (ἱρόϐου
1351 5574 1610 5640 κρείττω.
1648 5571 1804 5637 Quod

297 5648 601 5697 ﬁleillimum
643 5650 718 5697 ait
751 5646 811 5697 D.
846 5645 1066 5697 llieron.
1095 5660 1124 5696 a
1198 5643 1473 5697 Salvinam
1506 5662 1518 5691 :
1554 5641 1792 5697 Diﬁicile.

219 5641 601 5705 diﬁicillimum
643 5650 718 5699 ait
751 5641 818 5698 ι).·
846 5641 1066 5699 llieron.
1095 5641 1161 5697 ad
1198 5643 1473 5699 Salvinam
1506 5662 1518 5691 :
1554 5641 1792 5711 Diﬁ‘icile,

550 5745 823 5803 Ρηιιοι..
869 5742 963 5799 Gn
1039 5740 1252 5803 LXVI.

1911 5572 2008 5630 ait,
2048 5571 2192 5637 factu
2224 5580 2298 5624 est
2340 5572 2559 5637 gloriam
2590 5573 2780 5624 virtute
2807 5586 3076 5636 superare,
3120 5579 3169 5623 et
3203 5569 3266 5621 ab
3290 5568 3357 5621 iis
3388 5568 3476 5620 di-

1911 5587 2008 5630 an,
2048 5587 2192 5637 [actu
2224 5587 2298 5624 est
2372 5587 2559 5624 tortam
2590 5587 2780 5624 virtule
2807 5587 3076 5636 superare,
3120 5587 3169 5623 ει
3203 5587 3266 5621 συ
3290 5587 3357 5621 m
3388 5587 3475 5620 m-

1905 5641 2018 5711 ligi,
2054 5587 2370 5713 [[,Χχχνίῗ
2396 5658 2523 5710 quos
2550 5646 2839 5709 prwcedas.
2873 5638 2974 5695 Ubi
3005 5640 3144 5692 nihil
3175 5646 3348 5704 muto,
3372 5652 3475 5693 nec

3076 5728 3151 5789 48
