3838 6236
149 263 286 319 ΜΠ

1246 260 1631 318 ΕΡΙΞΤΟΙΑΕ.
1664 293 1735 302 -
1774 259 1999 320 EPIST.
2038 259 2299 317 CXXXII.

3256 256 3394 312 1518

150 388 299 442 κτωρ
330 370 387 423 δὲ
427 370 566 441 μετὰ
602 371 709 424 τῶν
738 372 955 443 ἐφήϐων
991 372 1268 443 περιπολῶ
1307 372 1399 426 τὸν
1422 373 1602 442 λόφον,
1628 374 1721 425 καὶ⁴

1831 386 1948 426 cum
1999 372 2262 442 juvenum
2319 387 2483 427 manu
2525 368 2718 424 collem
2755 368 2930 433 obeo,
2974 378 3029 422 et
3080 367 3403 425 mulieribus

150 459 374 528 παρέχω
404 460 522 522 ταῖς
556 459 767 527 γυναιξὶ
798 460 891 513 τοῦ
934 460 1214 514 καθεύδειν
1255 462 1458 525 ἄδειαν,
1500 463 1725 515 ἐπιστα-

152 547 371 616 μέναις,
404 547 484 600 ὅτι
516 547 621 618 πρὸ
641 547 819 601 αὐτῶν
856 566 998 612 τινες
1029 550 1381 620 ὲγρηγόρασι.
1411 551 1638 622 Πάρεισι
1668 551 1725 603 δέ

155 634 359 704 μοικαὶ
392 636 720 706 στρατιῶται
765 637 857 689 τοῦ
888 637 993 691 τῶν
1040 637 1390 709 Βαλαγριτῶν
1427 641 1721 710 τάγματος.

152 719 310 778 Οὗτοι
343 726 600 798 πρότερον
631 727 786 798 μὲνῆ
821 728 1114 803 Κερεάλιον
1144 729 1352 800 ἄρχειν,
1393 726 1533 801 ἦσαν
1569 734 1726 784 ἱππο-

152 812 395 878 τοξόται·
453 814 657 880 τούτου,
707 815 763 867 δὲ
820 817 1187 881 καταστάντος
1243 820 1322 880 είς
1376 820 1474 889 τὴν
1530 821 1724 891 ἀρχὴν,

152 904 635 975 ὰπημπολημένων
673 908 854 970 αὐτοῖς
890 907 996 960 τῶν
1040 909 1242 974 ἵππων,
1286 912 1529 978 ἐγένοντο
1569 912 1726 981 μόνον

154 997 399 1063 τοξόται·
436 999 557 1069 ἐμοὶ
591 1001 634 1053 δ’
675 996 767 1053 οὖν
816 1002 1094 1072 ἀποχρῶσι
1143 1004 1236 1055 καὶ
1281 1003 1525 1059 ἄνιπποι.
1556 1006 1645 1057 Δεῖ
1670 1005 1724 1057 δὲ

153 1087 363 1152 τοξείας
409 1090 537 1160 ἡμῖν
589 1090 725 1162 ὑπὲρ
782 1091 1051 1163 φρεάτων,
1113 1093 1251 1164 ὑπὲρ
1298 1094 1393 1148 τοῦ
1444 1094 1723 1165 ποταμοῦο

158 1180 301 1252 ὕδωρ
342 1181 451 1251 γὰρ
483 1183 582 1235 οὐκ
626 1183 820 1253 ἔχομεν
863 1183 994 1236 εἴσω
1025 1182 1117 1237 τοῦ
1147 1184 1450 1255 περιϐόλου.
1497 1187 1649 1240 Ἐπεὶ
1675 1186 1727 1238 τί

156 1272 361 1326 ἐκώλυε
407 1274 684 1343 διαφέρειν
731 1275 828 1345 τὴν
877 1275 1190 1348 πολιορκίαν
1251 1277 1614 1348 αὐλουμένους
1666 1296 1726 1331 τε

156 1363 252 1415 καὶ
284 1362 669 1433 κωμάζονταςς
710 1363 823 1417 Νῦν
853 1365 911 1417 δὲ
946 1365 979 1435 ἢ
1012 1367 1232 1436 κρατεῖν
1264 1365 1344 1418 δεῖ
1366 1368 1723 1438 μαχομένους,

155 1455 189 1523 ἢ
227 1453 588 1524 ἀποθνήσκειν
616 1455 694 1517 είς
723 1458 910 1525 χεῖρας
940 1456 1114 1519 ἰόντας
1140 1458 1252 1519 τοῖς
1279 1456 1577 1526 πολεμίοις,
1607 1460 1728 1512 ἀντὶ

155 1545 250 1597 τοῦ
281 1544 458 1616 διψῇν.
486 1540 561 1600 Οὖ
593 1546 644 1598 τί
671 1546 735 1599 ἂν
775 1546 1129 1618 ἐλεεινότερον
1159 1548 1396 1614 γένοιτο;
1431 1548 1591 1600 Ὥστε
1624 1548 1727 1602 κᾶν

155 1639 249 1690 ὑπ’
278 1637 543 1708 ἀνάγκης,
572 1636 762 1708 ἄνδρες
791 1636 983 1708 εἴημεν
1004 1637 1217 1705 ἀγαθοί.
1252 1640 1361 1691 Καὶ
1395 1640 1459 1691 σὺ
1494 1640 1558 1709 δὴ
1592 1657 1726 1710 προ-

56 1735 65 1741 ’
154 1727 364 1799 θυμοῦ,
399 1706 493 1781 καί
539 1706 759 1799 ἑτέρους
806 1706 1142 1798 παρακάλει,
1176 1729 1268 1782 καὶ
1308 1729 1369 1781 τὸ
1402 1706 1592 1797 ζεῦγος
1618 1706 1726 1782 τῶν
1762 1706 1799 1761 P’

156 1821 340 1874 ἵππων
371 1820 478 1873 τῶν
522 1820 843 1890 ἀδδηφάγων
888 1820 994 1873 τῶν
1032 1822 1124 1873 ἐπὶ
1151 1820 1228 1890 τῷ
1263 1821 1414 1892 φόρῳ
1461 1821 1729 1892 τρεφομέ-

153 1929 281 1977 νων,
312 1912 539 1981 άγεσθαι
567 1912 752 1964 κέλευε
779 1911 929 1983 παρᾶ
965 1911 1043 1965 σέ.
1078 1912 1281 1974 Παντὸς
1313 1912 1511 1981 μᾶλλον
1540 1916 1597 1965 ὲν
1618 1915 1727 1975 τοῖς

152 2003 414 2066 τοιούτοις
445 2006 653 2075 καιροῖς
705 2003 869 2066 ἵππος
916 2004 1014 2056 οὐκ
1050 2004 1262 2075 ἀχρεῖον
1295 2004 1355 2057 τὸ
1385 2004 1589 2074 κτῆμα.
1619 2005 1729 2057 Καὶ

153 2095 265 2163 γὰρ
303 2094 638 2165 προδραμεῖν
675 2111 738 2147 τε
757 2134 772 2157 ,
814 2094 906 2146 καὶ
938 2094 1403 2164 κατασκέψασθαι,
1429 2098 1522 2149 καὶ
1546 2096 1726 2162 ἀπαγ-

153 2181 331 2251 γεῖλαι
374 2184 442 2236 δι’
496 2183 799 2253 ἐλαχίστου,
848 2184 1024 2236 πάντα
1080 2183 1252 2235 ταῦτα
1304 2185 1467 2246 ἵππος
1509 2184 1728 2237 δύναται

156 2272 355 2343 ῥᾳδίως
401 2277 594 2328 ποιεῖν.
635 2274 749 2327 Κᾶν
800 2273 896 2344 δέῃ
939 2290 1020 2327 σοι
1053 2274 1303 2339 τοξοτῶν,
1347 2275 1726 2345 μεταπέμπου,

154 2363 252 2416 καὶ
279 2363 489 2433 ἥξουσι.
523 2364 662 2426 Τοὺς
694 2364 801 2433 γὰρ
835 2365 1055 2427 κωπέας
1084 2365 1208 2427 τοὺς
1237 2366 1593 2430 Φυκουντίους
1619 2368 1727 2419 οὐδ’

154 2455 268 2521 ἐγὼ
295 2454 482 2526 θαρρῶ
509 2455 851 2526 συμμάχους,
891 2456 1079 2527 ὥσπερ
1122 2457 1242 2511 οὐδὲ
1264 2458 1389 2521 τοὺς
1427 2458 1557 2529 παρ’
1605 2460 1728 2529 ἐμοὶ

155 2546 469 2616 κηπωρούς.
523 2546 680 2617 Ζητῶ
712 2547 768 2600 δὲ
799 2548 998 2618 ἄνδρας
1026 2548 1239 2616 ὀλίγους
1275 2548 1337 2600 οὐ
1367 2548 1729 2620 ψευδομένους

151 2638 245 2691 τὸν
277 2637 465 2707 ἄνδρα.
500 2637 617 2691 Κᾶν
660 2639 897 2707 ὲπιτύχω
921 2638 1201 2705 τοιούτων,
1233 2638 1328 2692 σὺν
1351 2638 1471 2710 Θεῷ
1490 2640 1545 2693 δὲ
1577 2642 1728 2713 εἰρή-

153 2726 299 2793 σθω,
328 2727 535 2799 θαρρῶ.
580 2728 790 2798 Δεῆσαν
836 2729 893 2781 δὲ
945 2728 1328 2799 ἀποθνήσκειν,
1384 2729 1617 2784 ἐνταῦθα
1667 2731 1729 2784 τὸ

150 2819 468 2889 φιλοσοφίας
501 2820 712 2890 ὄφελος,
754 2821 816 2874 τὸ
852 2821 1015 2891 μηδὲν
1044 2821 1293 2891 ἡγεῖσθαι
1322 2822 1491 2875 δεινὸν
1519 2825 1730 2893 ἀναχω-

151 2911 318 2981 ρῆσαι
367 2910 460 2964 τοῦ
504 2911 757 2965 θυλακίου
788 2911 898 2963 τῶν
932 2910 1245 2981 κρεῦλλίων.
1282 2910 1345 2963 El
1375 2911 1431 2964 δὲ
1460 2913 1596 2982 πρὸς
1628 2913 1728 2981 τὴν

1825 461 2129 517 dormiendi
2178 461 2528 517 securitatem
2570 458 2825 529 praebeo.
2886 460 3015 511 dum
3061 458 3274 526 aliquos
3305 471 3405 527 pro

1826 568 1925 608 sua
1957 554 2131 608 salute
2164 554 2437 608 excubare
2462 552 2794 621 intelligunt.
2833 549 3047 603 Adsunt
3084 558 3139 603 et
3172 548 3307 603 mihi
3337 563 3401 602 ex

1828 643 2224 714 Balagritarum
2239 643 2432 698 ordine
2452 643 2654 698 milites
2676 640 2976 712 aliquotJli
2994 649 3283 711 antequam
3303 642 3408 695 εε-

1826 735 1989 789 realis
2011 734 2302 804 provinciae
2328 733 2636 803 praefuisset
2654 774 2668 794 ,
2694 734 2907 803 equites
2929 740 3087 788 erant
3112 732 3403 802 sagittarii.

1824 820 2188 893 Posteaquam
2210 824 2257 878 is
2277 824 2567 892 imperium
2590 831 2674 878 est
2703 823 2953 892 adeptus,
2985 823 3266 875 distractis
3296 822 3401 876 sibi

1827 913 2007 983 cquis,
2041 912 2110 966 ad
2140 914 2459 982 sagittarios
2500 914 2754 983 rescripti
2790 922 2958 969 sunt:
2995 914 3129 965 mihi
3161 928 3289 967 vero
3320 914 3405 966 vel

1827 1004 1949 1059 sine
1992 1004 2151 1074 equis
2189 1004 2487 1059 sufﬁciunt.
2541 1003 2906 1075 Sagittatione
2934 1013 3114 1060 autem
3145 1020 3286 1074 opus
3318 1013 3405 1057 est

1826 1092 1987 1146 nobis
2016 1092 2083 1147 ad
2114 1102 2436 1162 puteorum,
2460 1093 2526 1147 ad
2558 1094 2802 1149 fluminis
2828 1094 3043 1163 copiam
3070 1094 3399 1147 habendam.

1826 1180 1997 1251 Aqua!
2014 1184 2159 1237 enim
2182 1183 2326 1236 intra
2351 1198 2538 1237 muros
2560 1184 2694 1237 nihil
2720 1182 3009 1237 habemus.
3029 1182 3245 1251 Alioqui
3270 1183 3404 1251 quid

1827 1286 1946 1326 eam
1976 1273 2321 1329 obsidionem
2360 1276 2597 1329 tolerare
2631 1275 2780 1330 tibiis
2812 1288 2877 1328 ac
2906 1274 3403 1330 comessationibus

1831 1361 2177 1432 indulgentes
2203 1363 2532 1433 prohibeat?
2555 1363 2674 1418 Jam
2703 1378 2833 1418 vero
2862 1364 2945 1419 vel
2976 1364 3269 1434 pugnando
3285 1364 3405 1417 vin-

1828 1468 1951 1507 cere
1980 1469 2205 1510 necesse
2228 1464 2312 1510 est
2332 1494 2347 1519 ,
2390 1457 2475 1510 vel
2506 1471 2671 1510 manu
2707 1462 2961 1510 conserta
2992 1470 3117 1509 cum
3151 1454 3405 1510 hostibus

1828 1553 2082 1613 oppetere
2115 1549 2324 1615 potius,
2365 1562 2527 1616 quam
2570 1547 2662 1602 siti
2690 1546 3071 1601 conficiantur.
3124 1546 3245 1613 Quo
3270 1546 3401 1616 quid

1831 1636 2088 1693 miserius
2126 1645 2313 1707 posset
2356 1637 2641 1693 accidere?
2691 1636 2768 1692 Ita
2814 1638 2894 1692 vel
2946 1640 3279 1693 necessitate
3310 1652 3405 1691 co.

1829 1736 1985 1782 actos
2027 1728 2321 1799 virosvuos
2363 1730 2605 1797 praebere
2650 1730 2926 1784 convenit.
3005 1729 3083 1784 Ac
3135 1738 3194 1784 tu
3236 1730 3402 1785 etiam

1830 1831 1960 1870 cura
1998 1823 2057 1870 ut
2106 1818 2153 1872 is
2204 1820 2311 1882 sis,
2360 1819 2612 1889 aliosque
2654 1820 2980 1887 cohortare;
3030 1827 3084 1874 et
3130 1834 3229 1890 par
3273 1819 3406 1874 illud

1829 1904 2108 1961 voracium
2149 1924 2414 1978 equorum
2439 1949 2455 1974 ,
2500 1909 2594 1978 qui
2640 1908 2707 1962 ad
2740 1908 3003 1963 tributum
3040 1910 3285 1970 aluntur.
3309 1909 3408 1964 ad-

1830 1994 1954 2047 duci
1990 1996 2059 2050 ad
2086 2005 2139 2051 te
2170 1998 2396 2068 impera.
2458 1996 2616 2051 Nulla
2644 2000 2712 2052 iis
2745 2000 3083 2068 temporibus
3126 2002 3405 2070 p0ssessio

1829 2101 1972 2154 equo
2005 2087 2193 2142 utilior
2231 2097 2396 2159 atque
2420 2090 2784 2158 opportunior
2814 2105 2938 2145 esse
2963 2098 3162 2159 potest.
3192 2087 3326 2144 Nam
3352 2100 3407 2145 et

1831 2194 2179 2246 procurrere,
2204 2189 2257 2235 et
2282 2181 2575 2250 speculari,
2600 2192 2655 2236 et
2684 2181 3011 2237 brevissimo
3040 2187 3287 2251 tempore
3318 2197 3407 2237 re-

1830 2270 2117 2337 nuntiare,
2162 2272 2343 2326 omnia
2386 2272 2500 2327 haec
2534 2273 2688 2327 facile
2718 2274 2995 2343 przestabit
3023 2288 3218 2343 equus.
3248 2272 3402 2337 Quod

1831 2362 1875 2415 si
1904 2362 2001 2415 tibi
2029 2363 2328 2427 sagittariis
2357 2379 2495 2432 opus
2518 2372 2623 2428 est,
2650 2380 2745 2420 eos
2777 2379 3016 2430 arcesse,
3041 2372 3096 2418 et
3117 2363 3401 2418 confestim

1828 2454 2081 2507 aderunt.
2096 2453 2525 2524 Pliycuntiorum
2544 2455 2685 2509 enim
2702 2458 2968 2526 remigum
2989 2457 3210 2511 auxiliis
3233 2457 3404 2510 nihilo

1830 2547 2002 2616 magis
2032 2545 2269 2607 conlido,
2292 2562 2455 2615 quam
2485 2547 2622 2605 meis
2651 2547 2963 2602 olitoribus.
2983 2532 3197 2603 Paucos
3220 2558 3403 2602 autem

1828 2636 1978 2691 viros
2000 2634 2272 2703 desidero,
2298 2638 2389 2707 qui
2422 2638 2567 2693 viros
2600 2654 2707 2696 non
2740 2639 3094 2694 mentiantur.
3119 2641 3198 2694 Ac
3228 2640 3274 2695 si
3302 2640 3403 2693 ali-

1828 2742 1970 2795 quos
2005 2726 2274 2794 ejusmodi
2303 2734 2501 2782 nactus
2527 2743 2646 2792 ero,
2668 2727 2815 2799 quod
2848 2743 2975 2784 cum
2997 2728 3108 2785 Deo
3138 2745 3168 2784 a
3200 2745 3293 2788 me
3320 2730 3406 2789 di-

1828 2823 1977 2869 ctum
2011 2817 2101 2881 sit,
2134 2816 2278 2880 bono
2304 2818 2487 2871 animo
2516 2833 2660 2873 sum.
2700 2818 2797 2873 Sin
2827 2819 3077 2875 obeunda
3106 2835 3255 2875 mors
3295 2830 3401 2885 cst,

1829 2919 1942 2962 tum
1981 2922 2111 2962 vero
2162 2908 2311 2970 utilis
2346 2917 2509 2979 atque
2541 2918 2852 2980 opportuna
2889 2912 3241 2983 philosophia
3280 2920 3401 2979 est;

148 3004 383 3068 γυναῖκα
416 3001 507 3054 καὶ⁵
531 3002 591 3055 τὸ
617 3002 826 3055 παιδίον
859 3002 1116 3069 ἄτεγκτος
1152 3001 1368 3070 ἔσομαι,
1398 3000 1557 3054 τοῦτο
1584 3003 1640 3055 δὲ
1664 3004 1724 3056 οὐ

1832 2999 2053 3053 minime
2086 3005 2145 3052 ut
2183 2999 2439 3055 acerbum
2461 3000 2709 3055 videatur
2753 3018 2815 3057 ex
2846 3002 2948 3057 hoc
2977 3004 3403 3059 caruncularum

151 3092 359 3163 σφόδρα
388 3092 742 3162 διεγγυῶμαι.
779 3092 864 3155 Ὠς
892 3091 1064 3159 ἔγωγε
1088 3090 1376 3162 βουλοίμην
1402 3091 1467 3145 ἂν
1486 3094 1725 3147 τοσαῦτα

148 3182 468 3252 φιλοσοφίαν
516 3182 793 3237 δύνασθαι.
854 3181 1015 3235 Ἀλλὰ
1061 3184 1133 3253 μή
1164 3181 1246 3234 τοί
1279 3199 1408 3235 ποτε
1441 3182 1724 3254 διάπειραν

146 3273 390 3344 λάϐοιμι,
423 3274 520 3343 μὴ,
546 3267 591 3327 ὦ
619 3274 815 3345 σῶτερ,
858 3274 954 3343 μὴ,
991 3266 1036 3324 ὦ
1066 3271 1358 3343 ὲλευθέριε.

1832 3091 2055 3145 sacculo
2090 3089 2394 3145 discedere.
2442 3091 2600 3156 Quod
2637 3100 2819 3146 autem
2870 3094 3134 3148 adversus
3175 3110 3401 3149 uxorem

1831 3196 1895 3234 ac
1930 3180 2153 3233 filiolum
2182 3180 2345 3236 siccis
2372 3183 2547 3237 oculis
2575 3198 2699 3238 esse
2720 3184 2946 3253 possim,
2977 3200 3319 3254 nequaquam
3350 3185 3405 3239 id

1828 3272 1987 3328 valde
2014 3287 2333 3328 asseverare
2353 3274 2603 3329 audeam.
2635 3274 2793 3341 Quod
2821 3276 3028 3330 utinam
3060 3276 3405 3348 phil050phia

146 3364 373 3434 posset!
412 3363 519 3420 Sed
548 3380 826 3433 nunquam
851 3365 971 3430 ejus
1000 3364 1077 3418 rei
1113 3367 1416 3433 periculum
1456 3365 1568 3421 fieri
1605 3381 1633 3420 a
1669 3381 1757 3422 me
1784 3366 2086 3435 contingat,
2114 3372 2187 3432 te,
2219 3380 2252 3419 ο
2279 3366 2494 3428 salutis,
2527 3381 2560 3421 ο
2587 3368 2855 3424 libertatis
2884 3382 3107 3439 praises,
3135 3370 3404 3427 obtestor.

662 3456 1006 3509 ΕΠΙΣΊῸΛΗ
1046 3455 1215 3509 PAB’.

788 3546 1109 3615 Ὀλυμπίῳ.

224 3638 365 3702 Χθὲς
396 3639 491 3691 καὶ
524 3636 714 3709 πρώην
749 3637 883 3706 (67⁸)
939 3638 1030 3689 ἐπὶ
1073 3637 1182 3689 τῶν
1225 3636 1449 3708 ἔναγχος
1480 3638 1722 3701 ὑπάτων,

145 3723 228 3784 ὧν
256 3729 450 3800 ἅτερός
494 3726 608 3801 [πρ.
636 3730 665 3781 ὁ
693 3726 907 3798 ἅτερος]
951 3729 1096 3779 ἐστιν
1154 3726 1547 3797 Ἀρισταίνετος
1572 3745 1585 3758 ’
1634 3728 1723 3780 τὸν

143 3823 261 3893 γὰρ
293 3820 627 3892 συνάρχοντα
676 3819 856 3887 ἀγνοῶ
880 3836 894 3849 ο
931 3820 1493 3889 κατασεσημασμένην
1534 3823 1722 3889 ἐκομι-

147 3912 337 3982 σάμην
384 3909 499 3981 [γρ.
528 3907 819 3980 ἐδεξάμην]
865 3909 1174 3979 ἐπιστολὴν,
1221 3910 1282 3962 τὸ
1331 3910 1420 3963 σὸν
1444 3911 1540 3977 τῆς
1572 3911 1723 3980 ἱερᾶς

142 4003 392 4073 κεφαλῆς
435 4000 922 4072 ἐπιγεγραμμένην
982 4001 1170 4070 ὄνομα.
1239 4001 1619 4071 Τεκμαίρομαι
1668 4001 1724 4052 δὲ

145 4094 324 4163 αὐτὴν
354 4088 491 4145 εἶναι
517 4090 883 4161 παμπάλαιον,
924 4088 1003 4159 τῷ
1027 4106 1084 4141 τε
1117 4089 1144 4141 0
1154 4089 1538 4159 ριπηδέστατον
1565 4106 1724 4158 γεγο-

145 4183 325 4246 νέναι,
360 4183 454 4235 καὶ
481 4181 557 4253 τῷ
589 4180 956 4251 συγκεχῦσθαι
984 4179 1050 4232 τά
1079 4179 1298 4232 πλείονα
1326 4178 1432 4232 τῶν
1460 4180 1723 4249 γραμμά-

143 4294 283 4331 των.
333 4273 473 4343 Ἐγὼ
499 4274 559 4327 δὲ
591 4273 776 4344 ἠξίουν
819 4273 893 4343 μὴ
939 4272 1185 4342 καθάπερ
1216 4270 1417 4340 δασμόν
1444 4287 1564 4323 τινα
1600 4271 1725 4341 ἐτή-

2312 3454 2650 3511 EPISTOLA
2679 3457 2937 3516 CXXXII.

2480 3546 2742 3617 Olympio.

1898 3635 2024 3691 Heri
2050 3643 2104 3691 et
2129 3636 2330 3692 nudius
2349 3638 2563 3703 tertius,
2595 3639 2856 3707 proximis
2876 3653 3043 3701 coss.,
3067 3654 3296 3708 quorum
3326 3642 3405 3695 al-

1826 3734 1911 3781 ter
1931 3728 2290 3783 Aristaanetus
2311 3737 2415 3793 est,
2448 3744 2574 3783 nam
2603 3729 2864 3798 collegam
2895 3730 3015 3799 ejus
3055 3731 3269 3801 ignoro,
3306 3733 3404 3788 ob-

1829 3819 2070 3887 signatas
2104 3819 2286 3888 aceepi
2308 3820 2518 3874 litteras
2546 3835 2560 3884 ;
2603 3818 2804 3889 quibus
2840 3820 3079 3890 religiosi
3109 3823 3183 3875 tui
3209 3822 3402 3892 capitis

1828 3924 2028 3963 nomen
2067 3917 2185 3963 erat
2220 3910 2565 3979 inscriptum.
2614 3910 2753 3965 Esse
2780 3916 2974 3964 autem.
2996 3911 3400 3967 vetustissunas

1831 4000 1996 4071 269
2031 4016 2095 4056 ex
2120 4016 2185 4056 eo
2214 4000 2468 4071 conjicio,
2503 4001 2645 4071 quod
2675 4008 2730 4056 et
2761 4014 2794 4054 a
2836 4001 3000 4056 tineis
3042 4016 3278 4057 corrosaz
3315 4020 3405 4059 es-

1831 4100 1976 4159 sent,
2010 4100 2064 4148 et
2086 4092 2392 4146 litterarum
2431 4107 2559 4161 pars
2596 4091 2770 4161 major
2799 4091 3145 4148 exolevisset.
3191 4092 3260 4145 At
3303 4107 3405 4163 ego

1830 4183 2022 4238 vellem
2057 4198 2165 4238 non
2195 4190 2457 4255 tanquam
2484 4182 2987 4252 annuum‘vectigal
3017 4182 3303 4252 epistolam
3334 4182 3402 4236 ad

1830 4287 1918 4327 me
1937 4273 2222 4341 mitteres;
2279 4289 2382 4329 nec
2437 4274 2532 4328 uni
2575 4261 2841 4327 duntaxat
2883 4270 3221 4328 amicissimo
3263 4268 3404 4342 Syro

1404 4405 1585 4477 mou.
1625 4406 1899 4465 PETAVII
1938 4408 2172 4464 NOTAE.

228 4529 361 4599 (67‘)
401 4527 550 4593 Χθὲς
575 4526 934 4599 ,καὶλπρῴημ
958 4525 1103 4599 Anni
1140 4523 1444 4599 superioris
1472 4524 1732 4599 consules
1764 4526 1809 4581 D
1837 4524 2045 4599 timque
2074 4539 2237 4579 nosse
2272 4524 2511 4599 potuerit
2558 4522 2859 4599 Synesius;
2910 4518 3221 4599 Qccidentis
3257 4539 3403 4599 con-

149 4594 454 4667 signilicat,
495 4597 607 4667 qui
634 4597 734 4650 fuit
758 4596 970 4667 Christi
1004 4595 1151 4667 404.Δ
1177 4595 1396 4667 collega
1429 4608 1593 4663 porro
1623 4594 1727 4667 fuit

147 4663 527 4727 Aristaenetus
568 4664 789 4718 Honorii
842 4664 1205 4732 imperatoris.
1266 4663 1423 4716 Hunc
1474 4678 1602 4719 vero
1657 4664 1723 4716 ab

151 4740 394 4810 Syuesio
441 4735 977 4810 ignorarinpotuisse
1032 4733 1499 4810 mirum_v_it_letur.
1553 4732 1722 4810 Cujus

146 4801 276 4866 eam
330 4809 383 4860 in
433 4801 600 4875 priori
631 4801 869 4858 editione
888 4818 1118 4875 causam
1154 4803 1526 4875 reddidimus,
1574 4801 1720 4875 quod

145 4872 467 4935 consularis
521 4876 694 4928 honos
728 4873 1013 4943 principali
1073 4874 1289 4941 fastigio
1315 4913 1343 4943 ,ί
1390 4875 1534 4925 velut
1565 4872 1721 4925 stella

147 4949 295 5005 solis
331 4946 536 5000 lumine
565 4941 920 4999 conderetur.
951 4941 1102 4995 Unde
1139 4956 1298 5010 quem
1335 4942 1721 5009 imperatorem

148 5024 319 5073 norat
362 5015 648 5086 Synesius.
682 5014 756 5086 in_
789 5010 1426 5086 Occidentc__consulem
1466 5010 1720 5065 nescivit.

148 5088 310 5141 llanc
342 5079 587 5139 nostram
636 5082 1006 5150 conjecturam
1058 5079 1314 5134 Nicolaus
1365 5080 1724 5142 Alamannus,

147 5158 393 5217 amicus,
428 5155 558 5207 dum
606 5152 829 5214 viveret,
883 5159 1088 5209 noster,
1122 5152 1336 5204 elevare
1382 5158 1613 5202 conatus
1640 5155 1726 5217 est

149 5230 210 5281 in
260 5216 570 5279 Comment.
624 5222 690 5275 ad
737 5220 985 5288 Procopii
1038 5220 1342 5279 Ἀνέκδοτα,
1384 5220 1532 5288 quod
1586 5216 1723 5288 ludi,

152 5293 523 5355 venationes,
578 5305 802 5345 munera
854 5287 1037 5343 statim
1087 5290 1244 5343 initio
1290 5287 1607 5340 consulatus
1659 5287 1727 5339 ab

152 5362 402 5421 llonorio
433 5361 501 5415 de
530 5375 681 5414 more
712 5360 858 5424 data,
890 5358 1119 5427 publica;
1145 5358 1341 5411 tabula:
1358 5356 1478 5423 ejus
1506 5355 1725 5427 noniine

149 5433 517 5502 consignatae,
546 5430 829 5502 consulem
846 5423 1268 5502 prodidissent.
1300 5427 1495 5502 Qu_are_
1515 5423 1724 5477 idcirco

146 5493 350 5579 putat"
372 5493 676 5579 ignoratum
713 5514 741 5579 a
779 5493 1009 5579 Syuesio
1048 5495 1320 5579 consulis‘
1346 5493 1720 5579 alteriusApo-

147 5562 308 5636 ἷιιυη,
350 5562 506 5641 quod
542 5562 837 5641 consulum
861 5569 998 5621 alter
1048 5566 1252 5641 Romae,
1281 5563 1526 5641 Byzantii
1583 5562 1721 5641 alter

149 5633 436 5703 ederetur.
473 5638 714 5695 Orientis
743 5646 922 5692 autem
955 5637 1238 5692 consulem
1269 5633 1573 5701 commode,
1606 5638 1719 5688 sta-

1836 4591 2009 4647 suleiu
2044 4609 2143 4647 nec
2179 4591 2486 4656 commode,
2519 4591 2622 4647 nec
2652 4593 2859 4646 statim.
2904 4591 3169 4656 Quocirca
3196 4594 3401 4651 tabulis

1831 4663 2064 4730 publicis
2092 4664 2360 4727 consulis,
2396 4662 2557 4729 cujus
2583 4676 2780 4715 nomen
2812 4660 3042 4730 latebat.
3081 4662 3163 4715 sic
3195 4665 3401 4719 mentio

1832 4727 2014 4795 fiebat,
2059 4733 2153 4784 καὶ
2196 4730 2289 4803 τοῦ
2318 4727 2787 4803 δηλωθησομένου.
2840 4727 2969 4803 μιωο
3015 4729 3309 4803 ille.__Qua3
3343 4741 3401 4803 ut

1828 4816 1956 4856 vera
1986 4810 2135 4866 sunt,
2174 4801 2254 4855 sic
2279 4798 2530 4855 adhunc
2573 4800 2789 4869 Synesii
2840 4798 3018 4869 locum
3056 4800 3205 4852 nullo
3239 4802 3401 4856 modo

1867 4872 2142 4927 ertineut:
2196 4873 2306 4924 imo
2339 4887 2468 4925 vero
2499 4884 2599 4925 sua
2619 4868 2690 4939 se
2725 4868 2974 4939 oratione
3022 4869 3216 4922 evertit
3259 4869 3399 4939 ipse.

1828 4886 2142 4992 gemment:
2196 4886 2306 4924 imo
2339 4887 2468 4925 vero
2499 4886 2599 4925 sua
2632 4886 2690 4922 se
2725 4886 2974 4921 orallone
3022 4886 3216 4922 ever-tu
3259 4886 3399 4939 ipse.

1876 4941 2038 4994 tenim
2067 4943 2209 4993 hanc
2232 4940 2518 5008 epistolam
2550 4937 2774 5008 scripsit
2803 4951 2947 5008 anno
2978 4947 3245 5006 sequente
3276 4950 3402 5008 post.

1828 5010 1951 5062 illos
1976 5005 2337 5069 consules,'ut
2362 5010 2497 5062 satis
2528 5005 2785 5068 ostendit,
2812 5005 2943 5058 dum
2969 5020 3064 5060 eos
3094 5015 3252 5061 vocat
3271 5005 3400 5070 τοὺς

1827 5077 2055 5148 ἔναγχος
2083 5078 2340 5141 ὑπάτους.
2382 5078 2555 5142 Unde,
2590 5084 2650 5148 ιιι
2683 5090 2837 5130 suam
2866 5076 2919 5127 in
2949 5075 3100 5128 illum
3132 5078 3396 5131 rationem

1830 5146 2242 5217 retorqueamus
2272 5186 2287 5210 ,
2320 5148 2565 5216 quinam,
2594 5146 2846 5217 obsecro,
2880 5153 3003 5217 post
3028 5160 3232 5217 annum
3256 5161 3399 5217 con-

1829 5215 1967 5271 sulis
1995 5212 2203 5270 nomen
2258 5212 2472 5270 nescire
2506 5216 2680 5284 potuit
2709 5212 3003 5284 Synesius,
3040 5216 3087 5268 si
3139 5231 3205 5269 ex
3251 5216 3395 5270 ludis

1875 5285 2183 5354 ublicisque
2213 5285 2413 5338 tabulis
2460 5283 2681 5339 necesse
2720 5290 2804 5337 est
2850 5283 3129 5354 cognitum
3183 5284 3396 5339 fuisse?

1875 5300 2183 5354 uuuctsque
2213 5300 2413 5338 tauuus
2460 5300 2681 5339 necesse
2720 5300 2804 5337 εει
2850 5300 3129 5349 cognitum
3183 5300 3394 5339 misse!

1831 5300 2031 5408 gerum
2064 5370 2239 5423 neque
2272 5354 2429 5409 ludos
2459 5355 2514 5408 in
2548 5354 2766 5409 Oriente
2796 5361 2890 5405 aut
2925 5350 3159 5423 {Egyth
3190 5368 3394 5423 consu-

1829 5424 1972 5477 latus
2010 5421 2227 5477 nomine
2257 5424 2429 5477 edidit
2466 5423 2776 5485 Honorius;
2808 5437 2981 5490 neque
3008 5421 3228 5490 tabulas
3256 5421 3393 5490 istas

1826 5493 1881 5546 in
1929 5500 2181 5561 promptu
2226 5501 2356 5547 tunc
2402 5494 2634 5548 habebat
2679 5489 2966 5561 synesius.
3004 5489 3188 5561 Itaque
3221 5489 3391 5561 multo

1825 5568 1909 5616 est
1929 5557 2290 5633 conjectura“
2315 5571 2523 5628 nostra,
2554 5557 2738 5633 quain'
2772 5560 2858 5612 τοῦ
2893 5558 3195 5628 μακαρίτου
3227 5557 3393 5613 amici

1826 5632 1996 5688 nostri
2026 5630 2382 5701 probabilior.
