3838 6236
447 281 584 338 me
620 269 628 278 ’

1460 270 1732 329 SYNESII
1773 267 2246 326 PTOLEMAIDIS
2279 267 2598 328 EPISCOPI

3587 275 3614 324 ‘l
3621 272 3712 324 5Ξο

447 391 797 464 perferendas
826 393 1089 447 traderes.
1118 387 1193 443 Ita
1222 389 1370 444 enim
1405 388 1494 451 fit,
1526 397 1584 443 ut
1609 390 1888 456 nunquam
1945 401 2028 440 re-

2135 402 2266 450 σιον,
2312 386 2414 456 τὴν
2453 383 2746 458 ἐπιστολὴν
2773 383 3112 456 πέμπεσθαι,
3135 383 3280 456 μηδέ
3308 385 3408 438 ἕνα
3449 386 3707 438 ποιεῖσθαι

445 497 651 550 centes,
673 486 768 541 sed
801 492 1070 540 vetustate
1096 490 1438 552 consumpta:
1470 482 1539 536 ad
1570 497 1656 536 me
1682 480 2022 552 perveniant.

446 577 553 632 Fac
581 579 766 648 igitur,
803 577 947 646 quod
973 591 1060 630 me
1086 575 1266 630 facere
1295 574 1470 630 vides.
1504 571 1698 627 Nullus
1729 572 2026 641 imperato-

445 653 529 723 ris
543 667 860 723 veredarius
883 680 1084 735 equum
1115 663 1394 736 publicum
1419 671 1640 718 mutans
1678 663 1814 718 urbe
1868 662 2030 732 proli-

443 757 688 820 ciscitur,
716 756 806 810 cui
833 770 945 810 non
977 755 1281 810 bumeralis
1306 756 1539 810 sarcinae
1567 767 1696 824 pars
1725 754 1908 822 aliqua
1931 753 2022 816 sit,

441 850 586 919 quod
621 849 686 902 ad
709 845 1074 903 eruditionem
1123 854 1271 900 tuam
1325 846 1586 902 mittitur.
1625 844 1806 911 Quare
1837 845 1883 900 si
1926 844 2027 900 tibi

443 940 673 995 ﬁdeliter
696 938 952 1004 reddant,
996 936 1112 992 sive
1157 952 1372 1001 omnes,
1421 938 1537 992 sive
1583 951 1774 992 eorum
1813 936 2024 1006 aliqui,

445 1031 612 1086 multa
640 1030 709 1084 iis
732 1043 997 1100 prospera
1023 1029 1366 1098 contingant.
1403 1026 1537 1082 Boni
1557 1028 1702 1082 enim
1744 1027 1844 1081 viri
1875 1034 2025 1082 sunt.

444 1123 539 1178 Sin
576 1124 755 1177 minus
778 1160 792 1184 ,
820 1121 923 1175 hac
954 1128 1016 1175 tu
1055 1121 1110 1174 in
1145 1128 1300 1191 parte
1339 1120 1661 1188 prudentior
1691 1135 1786 1186 es,
1827 1119 1919 1189 qui
1960 1119 2028 1174 iis

444 1210 602 1266 ﬁdem
629 1224 736 1264 non
762 1209 1047 1276 adhibeas,
1086 1210 1289 1280 quibus
1320 1209 1508 1263 haberi
1541 1209 1748 1264 nullam
1786 1218 2024 1280 Oportet.

443 1306 550 1361 Sed
586 1321 656 1361 ne
703 1305 992 1360 librarium
1046 1313 1102 1360 et
1140 1320 1243 1360 nos
1291 1303 1500 1358 frustra
1543 1304 1855 1374 fatigemus,
1900 1319 2026 1359 cum

441 1397 668 1452 minime
699 1395 1060 1468 perferendas
1103 1396 1172 1450 ad
1217 1405 1272 1452 te
1314 1397 1528 1451 litteras
1560 1395 1858 1456 dictamus,
1907 1411 2029 1450 cer-

441 1492 546 1544 tior
573 1488 726 1545 reddi
757 1489 944 1558 cupio.
979 1487 1315 1543 Mutabimns
1348 1491 1492 1542 enim
1519 1487 1780 1558 deinceps
1809 1496 2029 1544 senten-

438 1583 603 1649 tiam;
641 1576 854 1651 solique
883 1579 1046 1636 Petro
1073 1581 1442 1634 committam.
1479 1577 1590 1634 llas
1613 1594 1776 1650 porro
1813 1579 2029 1636 litteras

2129 475 2486 546 διακομιστὴν
2527 475 2690 547 μόνον
2733 474 2826 528 τὸν
2875 475 3129 544 φίλτατον
3169 475 3358 544 Σύρον.
3408 474 3572 528 υῦτω
3612 477 3708 546 γὰρ

2132 567 2421 638 συμϐαίνει
2454 568 2519 620 τὸ
2550 567 2685 639 μηδὲ
2717 569 2955 638 νεαροῖς,
2991 565 3108 622 ἀλλ’
3130 565 3318 631 ἑώλοις
3345 566 3536 630 αὐτοῖς
3566 583 3706 638 περι-

2128 659 2441 729 τυγχάνειν.
2477 659 2691 730 Ὥσπερ
2717 654 2810 713 οὖν
2844 657 2977 727 ἐγὼ,
3028 658 3124 712 καὶ
3157 658 3321 722 αὐτὸς
3351 658 3502 712 οὕτω
3548 660 3707 712 ποίει.

2131 750 2320 815 Οὐδεὶς
2351 749 2616 820 βασιλέως
2644 750 3044 822 ἀγγελιαφόρος
3066 750 3330 823 δημοσίαν
3360 751 3531 805 ἵππον
3555 751 3707 822 ἀμεί-

2131 843 2241 896 ϐων
2271 843 2438 910 ἔξεισι
2466 843 2564 914 τῆς
2587 843 2818 906 πόλεως,
2844 837 2889 911 ᾧ
2916 844 2993 916 μὴ
3021 844 3092 899 τά
3119 844 3255 916 πρὸς
3282 843 3384 916 τὴν
3417 845 3519 915 σὴν
3543 844 3708 913 λογιό-

2131 952 2270 1004 τητα
2298 935 2462 1006 μέρος
2491 934 2705 1003 γίνεται
2727 933 2823 988 τοῦ
2851 935 3085 989 κατόπιν
3116 934 3355 1005 φορτίου.
3395 935 3458 988 Ei
3500 935 3603 1004 μὲν
3623 932 3707 987 οὖν

2129 1025 2474 1080 ἀποδιδόασιν
2500 1025 2535 1097 ἢ
2572 1026 2796 1091 πάντες,
2823 1027 2856 1098 ἦ
2882 1043 3027 1090 τινες
3057 1025 3257 1093 αὐτῶν,
3287 1025 3456 1078 πολλά
3497 1026 3709 1093 κάγαθὰ

2130 1120 2244 1180 τοῖς
2271 1117 2582 1171 ἀποδιδοῦσι
2629 1117 2860 1186 γένοιτο,
2901 1120 3157 1189 χρηστοῖς
3196 1113 3346 1170 οὖσιν
3369 1133 3385 1148 ·
3429 1118 3482 1170 εί
3521 1117 3575 1170 δὲ
3612 1118 3706 1187 μὴ,

2132 1209 2429 1282 καὶταύτῃ
2473 1211 2540 1264 σὺ
2573 1209 2912 1280 σοφώτερος,
2959 1209 3204 1263 ἀπιστῶν
3231 1204 3314 1274 οἷς
3355 1209 3529 1277 ἄξιον.
3573 1210 3706 1263 Ἀλλ’

2133 1307 2220 1358 ῖνα
2255 1305 2392 1376 μηδὲ
2418 1308 2580 1376 ἡμεῖς
2603 1306 2780 1376 μάτην
2808 1306 3099 1376 κόπτωμεν
3125 1304 3216 1358 τδν
3246 1304 3594 1375 δπογραφέα,
3613 1303 3705 1366 τὰς

2130 1398 2231 1450 οὐκ
2272 1396 2749 1466 ἀποδοθησομένας
2782 1394 3074 1458 ἐπιστολὰς
3103 1393 3559 1465 ὑπαγορεύοντες,
3607 1411 3706 1463 μα-

2132 1488 2244 1540 θεῖν
2273 1488 2429 1554 ἀξιῶ.
2468 1486 2940 1558 Μεθαρμοσόμεθα
2964 1486 3074 1558 γὰρ
3094 1485 3189 1539 τοῦ
3210 1484 3420 1552 λοιποῦ,
3446 1485 3541 1538 καὶ
3568 1485 3709 1555 μόνῳ

2131 1579 2411 1632 πιστεύσω
2459 1578 2537 1650 τῷ
2569 1580 2785 1651 Πέτρῳ.
2833 1577 3050 1648 Ταύτην
3078 1579 3144 1648 γέ
3175 1594 3256 1630 τοι
3287 1576 3388 1648 τὴν
3420 1575 3708 1646 ἐπιστολὴν

441 1689 487 1752 ει⁴
507 1672 670 1727 Petro
697 1673 969 1742 perlatum
1005 1672 1073 1727 iri
1107 1671 1372 1735 arbitror,
1396 1685 1537 1740 quas
1563 1670 1633 1726 de
1671 1685 1832 1726 sacra
1860 1687 2025 1726 manu

2135 1672 2336 1742 Πέτρον
2365 1667 2516 1742 οἶμαι
2559 1671 2898 1742 διακομιεῖν,
2931 1670 3082 1740 παρά
3127 1670 3299 1741 μέσης
3356 1669 3590 1722 λαϐόντα
3614 1668 3709 1739 τῆς

439 1764 736 1835 acceperit.
768 1762 924 1818 Mitto
965 1762 1112 1820 enim
1156 1764 1254 1819 has
1284 1779 1316 1819 e
1351 1761 1638 1832 Pentapoli
1681 1761 1748 1817 ad
1780 1777 2027 1817 commu-

440 1872 564 1911 nem
611 1855 963 1925 magistram;
1021 1856 1137 1910 haec
1191 1864 1376 1913 autem
1444 1856 1756 1926 cuicunque
1809 1855 2025 1911 libuerit

442 1949 753 2003 committet
782 1968 795 2002 :
829 1949 1019 2004 libebit
1049 1956 1254 2016 autem,
1291 1948 1500 2019 optime
1534 1949 1676 2012 scio,
1702 1949 1751 2004 ei
1784 1949 2025 2010 tradere,

440 2040 536 2110 qui
571 2041 644 2094 sit
671 2037 1023 2093 notissimus.
1065 2035 1254 2107 Neque
1293 2037 1439 2091 enim
1476 2038 1708 2099 scimus.
1751 2051 1786 2090 o
1816 2037 2031 2093 charis-

439 2131 579 2197 sime
608 2145 673 2185 ac
702 2131 962 2199 praaclare
993 2131 1098 2195 vir,
1135 2144 1202 2183 an
1237 2140 1425 2200 postea
1462 2130 1740 2185 salutandi
1786 2131 2020 2186 invicem

439 2221 677 2277 facultas
729 2221 800 2274 sit
841 2219 1078 2274 aﬂ‘utura
1103 2259 1120 2286 ,
1163 2228 1454 2290 propterea
1493 2220 1638 2290 quod
1680 2220 1900 2290 ignavia
1930 2219 2028 2274 du—

440 2327 565 2368 cum
591 2311 711 2367 sine
740 2310 1048 2365 certamine
1081 2310 1326 2380 regionis
1365 2309 1552 2364 hostes
1589 2308 1906 2379 potiuntur;
1941 2324 2031 2364 so-

439 2405 588 2473 lique
631 2418 732 2458 nos
776 2402 1106 2472 superstites
1151 2416 1367 2466 sumus,
1403 2401 1501 2471 qui
1535 2399 1604 2453 ad
1654 2402 1867 2455 munita
1911 2401 2030 2456 loca

439 2496 813 2565 Confugimus,
860 2495 1144 2559 omnibus,
1194 2501 1467 2563 quotquot
1515 2492 1572 2546 in
1626 2492 2030 2562 campestribus

442 2587 772 2658 deprehensi
816 2595 969 2651 sunt,
1011 2585 1285 2656 pecudum
1331 2599 1486 2639 more
1519 2583 1814 2654 jugulatis.
1857 2581 2030 2639 Verc-

439 2695 566 2736 mur
605 2687 788 2734 autem
820 2692 892 2732 ne
922 2677 1187 2732 diuturna
1235 2678 1290 2729 in
1339 2675 1408 2730 iis
1453 2675 1593 2729 locis
1630 2674 1846 2728 illorum
1879 2689 2032 2730 com-

440 2771 676 2826 moratio
705 2784 870 2839 quam
902 2768 1139 2838 plurima
1176 2767 1409 2821 castella
1459 2766 1549 2822 siti
1583 2763 1651 2818 ad
1693 2764 2030 2821 deditionem

441 2860 754 2930 compellat.
804 2859 934 2925 Qua:
971 2875 1140 2915 causa
1189 2867 1294 2924 est,
1345 2874 1446 2914 cur
1489 2857 1923 2914 recriminationi
1957 2858 2031 2912 illi

443 2963 573 3018 tuac,
619 2968 740 3023 quae
779 2953 848 3006 de
900 2951 1222 3007 muneribus
1279 2959 1418 3018 erat,
1464 2966 1574 3005 non
1627 2949 2030 3022 responderim.

444 3045 631 3112 Neque
659 3044 804 3098 enim
840 3042 1015 3096 otium
1064 3041 1191 3106 fuit,
1220 3057 1288 3096 eo
1327 3043 1475 3112 quod
1517 3041 1573 3096 in
1623 3035 1895 3096 maeliinse
1934 3057 2028 3096 cu-

440 3136 658 3205 jusdam
697 3133 1063 3188 fabricatione
1096 3132 1434 3202 occupabar.
1472 3131 1588 3186 lloc
1621 3133 1768 3187 enim
1811 3132 2028 3195 molior,

445 3223 910 3295 quemadmodum
943 3239 974 3278 e
1006 3223 1258 3278 turribus
1305 3239 1416 3279 non
1458 3222 1846 3279 contemnendi
1895 3237 2031 3292 pon-

446 3314 595 3368 deris
637 3313 845 3383 lapides
889 3326 1055 3382 quam
1110 3312 1437 3382 longissime
1471 3311 1804 3382 jaculemur.
1856 3310 2033 3366 Simul

450 3416 631 3460 autem
664 3413 718 3459 et
749 3403 1000 3460 mittendi
1039 3404 1108 3458 ad
1139 3419 1226 3458 me
1253 3419 1484 3460 munera
1516 3413 1840 3474 potestatem
1866 3402 2032 3458 facio.

451 3495 744 3572 Syncsium
802 3495 1007 3563 quippe
1062 3492 1317 3565 Olympio
1377 3494 1574 3548 cedere
1638 3509 1864 3549 necesse
1901 3501 2029 3548 est:

453 3602 639 3642 verum
684 3603 747 3640 ea
777 3586 917 3655 lege,
952 3601 1023 3639 ne
1077 3585 1317 3639 lautiora
1356 3600 1587 3640 munera
1633 3587 1766 3641 sint.
1815 3583 1950 3638 Nam
1978 3594 2034 3638 et

452 3690 589 3734 tunc
630 3680 840 3743 luxum,
880 3693 990 3748 quo
1041 3677 1097 3731 in
1137 3677 1486 3732 contubernii
1540 3678 1862 3735 diversoriis
1899 3693 2034 3735 usus

449 3787 533 3837 es,
572 3771 798 3824 minime
844 3770 1115 3840 probavi:
1150 3769 1246 3825 sed
1295 3769 1555 3824 militaria
1592 3785 1658 3825 ea
1703 3772 1847 3825 dona
1897 3774 2031 3836 sint,

450 3877 612 3917 arcus
652 3862 862 3916 scilicet
896 3875 961 3915 ac
989 3860 1225 3931 spiculo.
1264 3860 1391 3915 Haec
1422 3872 1602 3916 autem
1645 3877 1753 3916 una
1781 3877 1905 3916 cum
1933 3878 2031 3917 cu-

451 3953 722 4024 Spi'dibus.
761 3954 936 4009 Arcus
952 3953 1174 4023 quidem
1225 3953 1310 4008 vel
1349 3953 1571 4007 aliunde
1612 3966 1862 4008 coemere
1901 3969 2033 4025 pos—

452 4059 574 4099 sum
602 4061 618 4110 ;
649 4052 744 4096 aut
764 4058 906 4112 quos
935 4044 1054 4112 ipse
1074 4042 1188 4112 jam
1236 4041 1414 4097 habeo
1435 4041 1600 4112 27o
1621 4040 1846 4098 reticere
1874 4061 1887 4096 :
1918 4044 2035 4112 spi-

450 4137 578 4191 cula
605 4149 735 4189 vero
759 4148 900 4204 mgre
926 4139 1341 4203 comparantur,
1367 4148 1488 4202 quae
1514 4132 1732 4201 quidem
1763 4133 1885 4186 usui
1913 4149 2036 4188 esse

454 4227 692 4297 possint.
723 4225 982 4296 Egyptia
1013 4225 1160 4280 enim
1197 4225 1299 4278 ista
1321 4223 1593 4294 geniculis
1619 4225 2034 4294 protuberantia

454 4317 844 4374 substrictiore
886 4315 1204 4372 internodio
1248 4325 1398 4370 sunt.
1459 4314 1670 4369 Idcirco
1707 4331 1805 4386 per
1851 4315 2034 4385 seipsa

457 4410 814 4464 frustrantur.
871 4406 1085 4462 Similia
1124 4407 1270 4462 enim
1311 4407 1379 4460 iis
1433 4415 1584 4470 sunt,
1629 4408 1721 4474 qui
1769 4407 1954 4461 statim
2001 4422 2032 4460 a

457 4501 646 4570 primis
690 4499 1008 4556 carceribus
1051 4499 1444 4570 impediuntur,
1483 4505 1538 4552 et
1577 4496 1878 4551 oﬂ'cndunt.
1923 4496 2032 4552 Ve-

455 4602 571 4648 stra
597 4602 781 4647 autem
804 4593 1038 4664 oblonga
1067 4597 1216 4654 sunt,
1255 4598 1310 4643 et
1341 4590 1396 4643 in
1425 4589 1593 4644 unius
1631 4588 1862 4658 cylindri
1899 4587 2037 4655 figu-

456 4695 573 4734 ram
617 4677 1209 4747 rottindanturzquod
1257 4675 1326 4729 ad
1384 4676 1602 4730 volatus
1647 4675 2034 4729 rectitudinem

457 4770 616 4824 unice
662 4767 899 4824 confert.
959 4767 1087 4824 Haec
1143 4776 1204 4822 tu
1255 4768 1323 4823 ad
1383 4782 1472 4823 me
1531 4768 1753 4835 mittes;
1817 4783 2034 4823 necnon

457 4870 724 4928 equorum
768 4858 921 4914 frena
968 4859 1035 4914 ad
1089 4874 1252 4915 usum
1303 4859 1755 4914 accommodata:
1807 4874 1934 4912 nam
1982 4869 2038 4914 et

459 4965 658 5020 equum
706 4949 858 5003 illum
897 4948 1171 5014 Italicum,
1211 4965 1374 5020 quem
1421 4956 1484 5002 tu
1533 4957 1766 5004 venusta
1818 4949 1910 5003 illa
1942 4956 2035 5002 tua

2134 1764 2287 1834 ἱερᾶς
2332 1761 2536 1834 χειρός.
2588 1762 2802 1816 Στέλλω
2825 1765 2934 1834 γάρ
2963 1760 3133 1831 αὐτὴν
3164 1761 3272 1814 ἀπὺ
3320 1760 3712 1821 Πενταπόλεως

2130 1855 2243 1922 ἐγὼ
2272 1855 2410 1925 πρὸς
2446 1853 2545 1926 τὴν
2574 1853 2892 1908 διδάσκαλον
2922 1853 3022 1924 τὴν
3057 1853 3261 1922 κοινήν.
3305 1850 3454 1922 Αὕτη
3501 1851 3561 1904 δὲ
3603 1853 3710 1921 ὅτῳ

2133 1947 2382 2017 βούλεται
2409 1945 2571 2001 δώσει
2595 1964 2610 1978 ·
2653 1945 2971 2016 βουλήσεται
2996 1945 3076 2008 δὲ,
3109 1939 3168 1998 εὖ
3200 1941 3296 1997 οἷδ’
3327 1943 3431 2009 ὅτι,
3469 1941 3552 2012 τῷ
3574 1959 3710 2011 γνω-

2134 2039 2426 2110 ριμωτάτῳ
2447 2040 2771 2109 παρασχεῖν.
2804 2037 2913 2091 Καὶ
2933 2038 3043 2108 γὰρ
3071 2036 3178 2089 οὐδ’
3211 2035 3389 2106 ῐσμεν,
3415 2028 3461 2088 ὧ
3490 2034 3710 2103 φίλτατε

2132 2134 2226 2183 καὶ
2257 2131 2548 2202 θαυμάσιε,
2595 2131 2643 2182 εί
2685 2129 2779 2182 καὶ
2809 2128 2972 2180 πάλιν
3004 2126 3180 2192 ἔξεστι
3215 2128 3537 2196 προσειπεῖν
3567 2126 3712 2195 ἡμᾶς

2132 2224 2416 2294 ἀλλήλους.
2450 2220 2631 2293 Κακία
2655 2222 2762 2292 γὰρ
2789 2219 3130 2291 στρατηγῶν,
3163 2218 3365 2289 ἀμαχεὶ
3392 2218 3585 2286 γέγονε
3603 2216 3712 2268 τῶν

2134 2315 2407 2385 πολεμίων
2440 2315 2474 2384 ἡ
2503 2313 2676 2384 χώρα,
2722 2312 2816 2366 καὶ
2848 2313 2998 2382 μόνοι
3027 2311 3210 2381 ζῶμεν
3237 2311 3352 2363 ὅσοι
3393 2309 3466 2362 τὰ
3504 2308 3712 2379 ἐρυμνὰ

2131 2405 2561 2476 κατειλήφαμεν,
2589 2404 2700 2456 τῶν
2742 2405 2802 2457 ὲν
2853 2405 2964 2465 τοῖς
3003 2401 3209 2465 πεδίοις
3238 2399 3714 2470 κατειλημμένων,

2132 2497 2324 2568 ῶσπερ
2353 2495 2566 2569 ἱερείων
2586 2494 3024 2564 ἀπεσφαγμένων
3044 2492 3159 2564 [πρ.
3173 2491 3715 2564 ἀποσφαττομένων].

2132 2586 2358 2657 Δέδιμεν
2383 2587 2439 2641 δὲ
2471 2585 2571 2656 τὴν
2606 2586 2960 2657 προσεδρείαν
2996 2584 3198 2648 αὐτῶν,
3239 2584 3316 2656 μὴ
3343 2584 3537 2655 χρονία
3565 2601 3718 2652 γενο-

2136 2677 2274 2746 μένη
2320 2675 2464 2746 δίψει
2510 2677 2930 2748 παραστήσηται
2963 2675 3031 2732 τά
3064 2674 3234 2729 πολλὰ
3262 2676 3370 2728 τῶν
3419 2676 3714 2747 φρουρίων.

2132 2768 2321 2841 Ταύτῃ
2365 2766 2462 2822 καὶ
2509 2770 2625 2832 τοῖς
2673 2767 3083 2839 ἀντεγκλήμασι
3129 2765 3241 2838 (68)
3291 2770 3406 2831 τοῖς
3447 2769 3581 2838 περὶ
3611 2767 3719 2820 τῶν

2131 2861 2323 2930 δώρων
2371 2860 2472 2914 οὐκ
2504 2859 2910 2930 ἀπεκρινάμην.
2966 2860 3040 2913 Οὐ
3075 2861 3184 2932 γάρ
3231 2877 3320 2930 μοι
3355 2859 3544 2929 σχολὴ,
3583 2859 3720 2928 πρός

2134 2969 2243 3006 τινι
2279 2953 2498 3024 μηχανῇ
2541 2952 2633 3004 τὸν
2667 2949 2792 3006 νοῦν
2825 2951 3021 3022 ἔχοντι.
3057 2951 3563 3022 Κατασκευάζομαι
3613 2952 3720 3022 γὰρ

2058 3077 2100 3131 C
2133 3044 2208 3109 ὼς
2233 3045 2299 3098 ἂν
2319 3045 2428 3098 ἀπὸ
2454 3045 2564 3097 τῶν
2595 3044 2820 3116 πύργων
2850 3044 3231 3116 έκηϐολώτατα
3257 3044 3576 3115 πέμποιμεν
3606 3045 3718 3115 [ππ.

2139 3133 2458 3208 καταπεμ.]
2506 3135 2762 3204 ἀξιόλογα
2789 3135 2952 3189 λίθων
2984 3135 3143 3206 βάρη.
3177 3137 3330 3206 Ἅμα
3368 3135 3427 3188 δὲ
3457 3137 3557 3188 καὶ
3591 3136 3725 3187 ayss-

2136 3227 2276 3297 δωμί
2325 3243 2408 3280 σοι
2443 3226 2684 3296 πέμπειν
2722 3244 2812 3296 μοι
2837 3226 3003 3298 δῶρα.
3053 3229 3146 3279 Δεῖ
3169 3225 3278 3299 γάρ
3304 3227 3475 3279 εἴκειν
3519 3227 3727 3298 Ὀλυμ-

2136 3317 2244 3387 πίῳ
2270 3316 2525 3370 Συνέσιον
2549 3332 2564 3348 ο
2617 3316 2692 3388 μὴ
2727 3317 2910 3387 μέντοι
2957 3319 3247 3388 τρυφῶντα
3271 3319 3442 3390 δῶρα.
3475 3321 3594 3372 Καὶ
3620 3323 3730 3391 γὰρ

2135 3409 2234 3461 καὶ
2256 3407 2376 3460 τότε
2407 3407 2508 3477 τὴν
2534 3408 2747 3478 τρυφὴν
2773 3407 3107 3480 ἐμεμψάμην
3135 3408 3244 3479 (69)
3278 3407 3385 3462 τῶν
3411 3411 3734 3478 καταλυμάι

2134 3517 2245 3553 των
2267 3499 2362 3553 τοῦ
2391 3500 2666 3553 συσσιτίου
2689 3516 2703 3530 ·
2739 3499 2854 3553 ἀλλ’
2884 3499 3024 3553 ἔστω
3053 3501 3442 3570 στρατιωτικὰ,
3471 3501 3612 3566 τόξα
3633 3503 3731 3555 καὶ

2137 3590 2288 3661 βέλη,
2317 3590 2455 3661 μετὰ
2482 3590 2592 3644 τῶν
2625 3590 2932 3662 στυρακίων
2968 3590 3149 3661 μέντοι
3177 3591 3245 3642 τά
3274 3589 3426 3660 βέλη.
3452 3591 3604 3656 Τόξα
3631 3593 3731 3662 μὲν

2135 3675 2228 3733 οὖν
2259 3681 2353 3733 καὶ
2382 3678 2651 3752 ἑτέρωθεν
2689 3680 3030 3750 ὠνησαίμην,
3079 3681 3173 3734 καὶ
3201 3679 3271 3732 τὰ
3315 3680 3447 3733 ὅντα
3480 3683 3733 3752 dinam;-

2137 3771 2343 3844 σαίμην
2367 3788 2382 3803 ο
2433 3771 2562 3843 βέλη
2590 3773 2647 3826 δὲ
2673 3773 2733 3826 ού
2771 3772 2950 3844 ῥᾴδιόν
2984 3774 3099 3825 ἐστι
3127 3772 3480 3842 πορίσασθαι,
3523 3773 3728 3826 οὔκουν

2135 3861 2277 3914 ὥστε
2319 3861 2414 3914 καὶ
2457 3862 2759 3932 ἐπιτήδεια.
2809 3861 2891 3913 Τά
2938 3862 3047 3931 γὰρ
3087 3861 3361 3930 Αἰγύπτια
3388 3861 3574 3916 ταῦτα
3616 3867 3728 3923 τοῖς

2134 3952 2357 4018 γόνασιν
2416 3951 2666 4006 οἰδοῦντα
2689 3993 2702 4017 ,
2755 3954 2872 4015 τοῖς
2939 3952 3362 4022 παραγονατίοις
3423 3953 3726 4018 συνιζάνει.

2135 4042 2321 4115 Ταύτῃ
2349 4044 2444 4096 καὶ
2489 4045 2783 4114 σφάλλεται
2827 4044 2956 4115 παρ’
2987 4042 3216 4096 ἑαυτῶν.
3254 4043 3436 4096 Ἐοικε
3474 4043 3589 4115 γὰρ
3615 4046 3728 4106 τοῖς

2136 4135 2199 4185 ὲκ
2225 4133 2447 4205 πρώτης
2476 4135 2776 4206 ἀφετηρίας
2817 4134 3264 4204 ἐμποδιζομένως
3285 4150 3346 4186 τε
3365 4175 3381 4200 ,
3423 4135 3521 4188 καὶ
3549 4152 3726 4206 προσ-

2135 4225 2416 4280 κόπτουσι.
2463 4225 2545 4279 Τὰ
2597 4228 2726 4297 παρ’
2757 4227 2885 4296 ύμῖν
2926 4226 3004 4290 δὲ,
3052 4226 3269 4297 εὐμήκη
3303 4227 3366 4279 τέ
3419 4228 3579 4289 ἐστι,
3632 4228 3728 4279 καὶ

2142 4315 2388 4386 ἀκριόῶς
2430 4318 2511 4380 είς
2555 4317 2674 4380 ἑνὸς
2719 4315 3000 4386 κυλίνδρου
3032 4317 3218 4387 σχῆμα
3248 4317 3728 4386 στρογγύλλεται·

2139 4408 2275 4480 ὅπερ
2317 4407 2379 4461 τὸ
2429 4411 2537 4462 πᾶν
2584 4411 2732 4462 ἐστιν
2781 4410 2863 4472 είς
2909 4407 3240 4478 εὐθυπορίαν
3297 4409 3397 4479 τῆς
3460 4411 3729 4480 πτήσεος.

2137 4500 2325 4555 Ταῦτά
2355 4518 2444 4571 μοι
2463 4500 2701 4572 πέμπειν
2726 4517 2741 4534 ο
2775 4500 2868 4556 καὶ
2895 4500 3144 4571 χαλινοὺς
3171 4499 3354 4553 ἵππων
3379 4500 3630 4568 ἀγαθοὺς
3652 4503 3732 4564 εις

2137 4593 2336 4663 χρῆσιν
2360 4610 2373 4624 ·
2410 4593 2532 4646 ἐπεὶ
2559 4595 2654 4646 καὶ
2685 4594 2776 4647 τὸν
2803 4593 2969 4646 ἵππον
2997 4594 3090 4647 τὸν
3128 4593 3348 4656 Ἰταλὸν,
3370 4593 3429 4645 δν
3449 4592 3737 4664 ἐπῄνεσας

2138 4686 2208 4753 τῇ
2236 4681 2452 4755 γλώττῃ
2475 4685 2542 4753 τῇ
2572 4683 2736 4754 καλῇ,
2772 4683 2978 4755 σφόδρα
3009 4681 3077 4737 ἃν
3106 4677 3248 4736 εἶδον
3270 4681 3442 4750 ἡδέως
3465 4698 3480 4712 ·
3529 4685 3736 4754 ἐπειδὴ

2139 4774 2235 4826 καὶ
2280 4773 2492 4844 πατέρα
2543 4773 2737 4827 πώλων
2783 4773 3003 4843 ἀγαθῶν
3059 4775 3172 4846 (70)
3223 4775 3356 4844 ἡμῖν
3405 4774 3580 4828 αὐτὸν
3627 4776 3738 4828 ὐπ-

2144 4860 2346 4930 ισχνοῦ.
2377 4861 2452 4913 Οὐ
2490 4862 2598 4932 μὴν
2645 4862 2781 4916 ἀλλά
2823 4863 2918 4916 καὶ
2962 4863 3114 4917 κάτω
3144 4881 3246 4917 που
3273 4863 3373 4934 τῆς
3403 4863 3738 4934 ἐπιπολῆς,

2147 4949 2286 5020 μετά
2327 4951 2426 5022 τὴν
2455 4953 2779 5024 ὑπογραφὴν
2822 4946 3001 5025 εὗρον,
3047 4956 3130 5009 ὅτι
3174 4955 3359 5026 μένειν
3397 4953 3604 5024 ἐδέησε
3651 4957 3740 5010 τὸν

1701 5045 1883 5138 mou.
1926 5081 2202 5139 PETAVII
2243 5085 2481 5143 nom}.

532 5196 644 5266 (68)
691 5196 1008 5268 Tulit-necat
1046 5198 1171 5264 τοῖς
1193 5197 1663 5268 ἀντεγκλήμασι.
1695 5200 1790 5254 Sic
1815 5207 1936 5254 erat
1975 5201 2028 5254 in

461 5267 675 5339 duobus
703 5267 950 5339 scriptis.
982 5269 1086 5321 Alii
1110 5268 1598 5338 προτεμενίσμασι,
1625 5271 1772 5339 quod
1806 5270 1938 5339 quid
1961 5271 2034 5325 sit

459 5337 668 5409 nescio.
703 5333 927 5390 Planior
966 5352 1097 5392 vero
1127 5333 1316 5409 ii'osti'a
1345 5333 1468 5409 est;
1503 5333 1720 5409 exiq‘ua
1766 5333 2030 5408 intelligi-

463 5421 583 5460 mus
612 5406 922 5480 Olympium
953 5421 1078 5480 cum
1110 5407 1286 5480 amice
1317 5421 1348 5460 a
1393 5406 1808 5480 Synesio'esset
1837 5406 2032 5480 objur-

462 5485 643 5546 gatus,
672 5477 914 5548 vicissim
941 5477 1377 5541 recriminatum,
1419 5479 1566 5548 quod
1599 5493 1630 5532 a
1671 5494 1732 5534 se
1757 5477 2032 5534 dona'ali-

463 5545 582 5616 qua
598 5545 765 5616 nollet
796 5546 1070 5616 accipere.

536 5614 649 5684 (69)
692 5617 811 5681 Τὴν
840 5613 1076 5682 τρὺφὴν
1113 5613 1486 5684 ἐμεμψάμην.
1537 5615 1677 5682 Quid
1717 5618 1828 5672 sint
1860 5635 2031 5672 κατα-

462 5683 680 5756 λύματα
699 5685 794 5737 τοῦ
828 5685 1110 5738 συσσιτίου
1141 5685 1247 5740 hoc
1280 5683 1403 5741 loco
1434 5689 1691 5757 expedire
1720 5702 1953 5756 nequeo.

2201 5203 2312 5274 (70)
2355 5205 2583 5275 Πατέρα
2607 5209 2822 5261 πώλων
2849 5207 3105 5278 ἀγαθῶν.
3139 5207 3237 5264 Vel
3264 5209 3354 5264 hic
3387 5226 3537 5268 unus
3575 5214 3739 5267 locns

2135 5287 2458 5344 argumento
2506 5293 2634 5348 esse
2693 5286 2910 5347 potest,
2961 5295 3126 5348 quam
3175 5296 3206 5336 e
3242 5296 3299 5332 re
3337 5283 3616 5338 litteraria
3668 5289 3735 5336 sit

2135 5357 2391 5422 veterum
2417 5346 2672 5422 codicum
2699 5346 2777 5422 et
2810 5346 3140 5422 scriptorum
3173 5351 3735 5422 sednlaiattentaquc

2137 5414 2318 5492 l_ecti_o_.
2357 5419 2570 5472 Etenim
2599 5417 2746 5492 quod
2776 5428 2894 5492 erat
2923 5414 3213 5492 hactenus,
3251 5421 3470 5492 πατέρα
3511 5414 3724 5477 πολλᾶν

2135 5484 2376 5550 ἀγαθῶν,
2405 5503 2572 5556 quam
2607 5484 2905 5542 absurdum
2939 5498 2995 5543 et
3024 5489 3183 5543 inane
3210 5491 3330 5545 est!
3357 5484 3514 5547 lianc
3539 5504 3734 5548 autem

2138 5569 2305 5620 quam
2336 5559 2684 5621 restinximus
2712 5571 2900 5614 vocem
2923 5573 2990 5614 ex
3018 5557 3188 5631 Regio
3216 5561 3343 5615 cod.
3372 5562 3724 5634 deprompsi-

2142 5639 2194 5676 ω
2204 5641 2289 5680 ιιε.
