3838 6236
199 408 327 464 1521
1292 405 1676 462 EPISTOLAE.
1712 437 1783 447 —

1896 408 2037 465 ’IST.
2073 409 2333 466 CXXXIII
3330 411 3467 467 15ἓὲ

197 528 363 579 ῐππον
390 525 448 577 ὲν
476 524 542 594 τῇ
570 520 880 593 Σελευκείᾳ,
908 520 1002 576 τοῦ
1022 523 1329 595 ναυκλήρου
1360 522 1449 577 διά
1471 523 1564 577 τὸν
1584 523 1775 595 καιρὸν

1900 524 2061 594 ingua
2093 528 2420 596 pt'aedicusti,
2465 526 2651 584 videre
2686 527 2981 583 admodum
3014 523 3418 583 desiderassem
3450 528 3470 573 :

199 616 682 687 παραιτησαμένου
724 614 933 668 τοιοῦτο
975 615 1215 687 φορτίον.
1277 615 1494 686 Ἐπειδὴ
1543 615 1599 669 δὲ
1637 615 1772 685 μήτε

1896 632 2055 685 :oque
2087 620 2259 690 magis
2287 621 2431 689 quod
2464 629 2520 675 tu
2563 621 2911 692 egregiorum
2945 610 3223 690 pullorum
3254 623 3465 686 patrem

197 710 295 777 τὴν
331 707 474 772 λέξιν
502 708 747 774 ἐπέγνων
777 705 1011 776 ἀδελφὴν
1039 701 1206 761 οὖσαν
1230 706 1327 777 τῆς
1362 706 1480 777 σῆς,
1515 706 1651 775 μήτε
1674 704 1775 776 τὴν

1896 708 2037 762 illum
2065 712 2459 779 spoponderas.
2493 711 2692 767 Verum
2726 712 2781 766 in
2813 711 2962 767 calce
2990 711 3293 764 litterarum
3326 705 3468 761 infra

190 808 377 876 χεῖρα,
428 804 565 873 μήτε
598 800 697 871 τὴν
729 798 1016 869 ἀκρίϐειαν
1061 797 1161 867 τῆς
1209 796 1447 868 γραφῆς,
1482 797 1777 850 ἐδικαίωσα

1896 801 2381 871 subscriptionem,
2442 806 2710 876 scriptum
2760 804 2981 875 reperi:
3040 815 3242 873 equum
3298 800 3466 854 istum

197 894 277 966 μὴ
322 891 631 963 ἀγνοεῖσθαι
680 907 763 943 σοι
807 888 984 943 τοῦτο.
1019 888 1252 957 Ἄτοπον
1282 887 1411 959 γὰρ,
1461 889 1511 942 εί
1538 886 1781 951 τοιοῦτος

1896 888 2158 947 Seleucia:
2193 896 2431 966 relinqui
2473 897 2809 967 oportuisse,
2841 895 2988 967 quod
3029 892 3363 954 navarchus,
3398 889 3471 944 ob

193 985 275 1038 ὢν
301 988 329 1040 ὁ
358 986 521 1047 ἵππος
553 985 691 1055 μήτε
734 982 876 1053 ἐμοὶ,
910 981 1045 1051 μήτε
1082 980 1165 1033 σοὶ
1193 978 1435 1045 σώζοιτα

1888 985 2158 1053 temporis
2211 987 2584 1054 incommoda,
2638 989 2691 1044 id
2745 988 2932 1045 oneris
2987 992 3319 1042 recusasset.
3362 980 3467 1037 Sed

199 1080 460 1150 quoniam
510 1088 688 1145 neque
727 1075 1020 1129 dictionem
1065 1073 1261 1144 ipsam,
1302 1087 1479 1141 neque
1529 1084 1777 1134 manum,
1817 1087 1999 1144 neque
2028 1086 2278 1133 exactam
2312 1082 2599 1151 scripturae
2659 1083 2927 1136 rationem
2971 1091 3079 1135 tum
3153 1089 3469 1150 germanam

200 1168 419 1240 agnovi,
446 1183 510 1223 ac
541 1167 799 1233 similem,
831 1181 1050 1235 :equum
1082 1164 1269 1235 putavi
1306 1174 1358 1219 te
1386 1178 1454 1219 ea
1516 1162 1584 1218 de
1645 1176 1704 1217 re
1741 1176 1851 1218 non
1892 1166 2082 1222 celari.
2141 1171 2457 1228 Absurdum
2516 1172 2661 1229 enim
2714 1181 2801 1229 est
2858 1173 3020 1228 talem
3073 1184 3278 1243 equum
3336 1166 3471 1223 mihi

199 1262 356 1333 juxta
388 1276 451 1316 ac
482 1261 581 1315 tibi
610 1260 813 1331 perire.

717 1353 1062 1407 ΕΠΙΣΤΟΛΗ
1101 1353 1269 1408 PAF'.

807 1446 1183 1514 Πυλαιμένει.

286 1540 585 1610 Ἐδεξάμην
612 1538 713 1611 τὴν
738 1538 1047 1608 ἐπιστολὴν,
1084 1541 1141 1591 ὲν
1230 1535 1393 1591 πάλιν
1423 1534 1659 1607 ὲμέμψω
1686 1533 1785 1604 τὴν

197 1634 394 1705 τύχην,
438 1633 513 1697 ὡς
542 1631 695 1685 οὐδὲν
726 1631 856 1701 περὶ
891 1630 985 1682 σοῦ
1018 1629 1452 1700 βεϐουλευμένην
1484 1627 1789 1698 φιλανθρω-

2356 1353 2703 1412 EPISTULA
2740 1356 3007 1414 CXXXIII

2517 1448 2832 1520 Pylwmem'.

1954 1532 2159 1606 Accepi
2226 1546 2347 1592 tuas
2383 1537 2621 1605 litteras,
2684 1540 2888 1611 quibus
2946 1539 3147 1597 iterum
3193 1540 3470 1597 fortunam

1885 1625 2132 1693 incusas,
2166 1630 2312 1701 quod
2354 1631 2529 1686 nihilo
2572 1632 2671 1688 tibi
2705 1619 2998 1691 humanius
3048 1633 3228 1689 adhuc
3267 1648 3475 1690 consu-

201 1728 451 1797 πότερον.
486 1724 577 1795 Μὴ
609 1725 672 1776 σύ
698 1740 782 1791 γε,
812 1715 857 1774 ὦ
884 1722 1104 1791 φίλτατε
1134 1721 1386 1793 ἑταίρων.
1411 1721 1487 1774 Ub
1509 1720 1618 1791 γὰρ
1639 1719 1788 1784 ἆξον

1896 1718 2079 1774 luerit.
2111 1719 2488 1791 Nequaquam,
2524 1737 2558 1777 ο
2597 1723 2869 1779 sodalium
2904 1726 3256 1792 amicissime.
3287 1725 3477 1798 Neque

203 1817 497 1886 ἐγκαλεῖν,
549 1816 687 1871 ἀλλά
767 1814 1232 1886 παραμυθεῖσθαι.
1293 1813 1512 1878 Ἔξεστι
1574 1812 1631 1865 δὲ
1677 1813 1790 1865 ὄντι

204 1908 452 1980 τοιούτῳ,
478 1909 633 1975 ἥκειν
661 1907 799 1975 πρὸς
821 1908 968 1975 ἡμᾶς
994 1923 1008 1938 ο
1058 1905 1284 1975 ἀδελφὸν
1316 1906 1572 1977 εὑρήσεις
1619 1900 1787 1959 οἶκον.

204 2000 283 2054 υύ
315 2000 675 2071 πλουτοῦμεν,
694 1993 739 2052 ὦ
767 1998 941 2067 “faith,
980 1998 1117 2052 ἀλλά
1148 2000 1215 2052 τὰ
1245 1998 1490 2070 παρόντα
1512 1998 1675 2072 ἀρκεῖ
1702 1998 1793 2050 καὶ

205 2092 538 2164 Πυλαιμένει
584 2092 775 2163 κάμοί.
824 2093 887 2145 EI
919 2091 975 2145 δὲ
1013 2092 1109 2145 καὶ
1139 2092 1203 2145 σὺ
1238 2091 1475 2163 παρέσῃ,
1504 2090 1667 2162 τυχὸν
1699 2093 1793 2144 καὶ

204 2183 600 2254 πλουτήσομεν.
644 2180 776 2235 Ἀπὸ
801 2180 912 2236 τῶν
954 2182 1084 2236 ίσων
1114 2180 1382 2251 ἀφορμῶν
1408 2180 1587 2252 ἕτεροι
1624 2180 1793 2233 πλείω

203 2274 316 2327 τῶν
340 2274 575 2346 μετρίων
599 2273 813 2345 ἔχουσιν
837 2290 849 2303 ο
883 2272 993 2342 ἐγὼ
1017 2272 1075 2325 δὲ
1098 2272 1268 2336 κακὸς
1291 2273 1594 2341 οἰκονόμος.
1631 2273 1793 2325 Ἀλλά

201 2366 343 2429 τέως
371 2366 584 2435 ἀντέχει
608 2366 702 2419 καὶ
732 2364 865 2437 πρὸς
887 2364 984 2433 τὴν
1008 2364 1413 2435 ἀκριϐεστάτην
1444 2364 1703 2434 ἀμέλειαν
1724 2366 1793 2418 τά

208 2455 461 2527 πατρῷα,
515 2454 551 2508 ἃ.
600 2454 664 2525 δὴ
704 2454 927 2508 δύναται
981 2452 1196 2521 βόσκειν
1242 2454 1550 2523 φιλόσοφον.
1602 2454 1693 2525 Μὴ
1727 2456 1794 2507 τὰ

203 2549 439 2617 τυχόντα
472 2547 607 2618 ήγοῦ
637 2547 1014 2619 προσλαϐόντα
1037 2546 1132 2599 καὶ
1158 2547 1435 2616 πρόνοιαν.
1462 2546 1647 2599 Ταῦτα
1667 2548 1795 2616 περὶ

206 2639 432 2704 τούτων,
467 2638 687 2709 auium]
728 2638 901 2701 ἄλλως
930 2638 1073 2691 ποίει
1099 2654 1113 2669 ο
1169 2639 1217 2691 εί
1252 2638 1323 2708 μή
1353 2654 1407 2690 τι
1440 2637 1642 2709 μεταξὺ
1677 2638 1795 2707 βέλ-

206 2748 322 2784 τιον
369 2731 679 2802 πέπραχας,
717 2730 813 2783 καὶ
863 2729 1024 2783 πάλιν
1073 2729 1258 2800 διανοῇ
1309 2730 1407 2799 τὴν
1465 2728 1795 2800 Ἡράκλειαν

205 2822 493 2876 ἀνιστάναι
548 2820 827 2891 κειμένην.
886 2819 1205 2883 Ἐπιστολάς
1250 2820 1310 2872 οὐ
1359 2819 1615 2891 γέγραφα
1658 2821 1796 2891 πρὸς

204 2915 303 2980 οὓς
330 2916 515 2981 εῐωθα,
562 2915 650 2969 διὰ
687 2917 778 2968 τὸν
806 2915 998 2986 καιρόν
1024 2932 1040 2948 ο
1093 2915 1229 2968 ἀλλά
1275 2915 1470 2987 πρώην
1499 2916 1672 2970 ἅπασι
1704 2919 1798 2986 γέ-

206 3024 419 3077 γραφα,
448 3006 711 3075 φάκελλον
754 3005 1053 3059 ἐπιστολῶν
1095 3006 1335 3074 Διογένει
1365 3006 1508 3070 δούς.
1551 3006 1795 3079 Ἀνεψιός

1894 1810 2040 1863 enim
2089 1810 2370 1865 criminari
2422 1814 2570 1867 illam
2620 1816 2835 1880 attinet,
2889 1816 2985 1873 sed
3039 1817 3472 1872 consolationem

1893 1911 2108 1968 capere.
2145 1897 2298 1955 Licet
2328 1909 2512 1957 autem
2542 1903 2816 1973 ejusmodi
2859 1920 2986 1959 cum
3017 1906 3114 1973 sis,
3147 1907 3247 1961 tibi
3290 1906 3357 1960 ad
3389 1922 3476 1963 me

1895 1991 2117 2056 venire;
2145 1990 2441 2048 fraternam
2477 1995 2701 2050 domum
2729 1997 2996 2053 invenies.
3023 1997 3141 2052 Non
3172 1999 3475 2068 locupletes

1893 2097 2110 2148 sumus,
2148 2099 2181 2139 0
2208 2085 2349 2145 bone
2379 2087 2485 2152 vir,
2519 2088 2613 2143 sed
2654 2090 2740 2144 vel
2784 2090 3073 2160 praasentia
3108 2091 3240 2145 mihi
3283 2104 3350 2145 ac
3379 2089 3477 2161 Py-

1894 2173 2106 2229 laemeni
2145 2176 2449 2235 sufficiunt.
2478 2178 2637 2245 Quod
2670 2183 2714 2237 si
2760 2189 2817 2235 tu
2868 2196 2976 2236 una
3018 2197 3231 2237 mecum
3268 2184 3472 2248 aderis,

1897 2264 2133 2321 fortasse
2165 2267 2394 2324 ditiores
2437 2272 2667 2327 erimus.
2716 2272 2799 2326 Ab
2839 2271 3036 2327 iisdem
3073 2274 3149 2327 rei
3186 2274 3476 2328 familiaris

1897 2362 2179 2426 subsidiis,
2228 2364 2320 2417 alii
2362 2379 2531 2433 supra
2576 2365 2885 2421 mediocres
2916 2380 3048 2435 opes
3079 2365 3263 2436 adepti
3301 2373 3472 2421 sunt:

1894 2467 1997 2521 ego
2024 2468 2154 2507 vero
2187 2454 2366 2510 malus
2409 2470 2531 2511 sum
2578 2456 2950 2525 dispensator.
2992 2455 3363 2511 Nihilominus
3393 2465 3478 2509 ta~

1898 2558 2018 2598 men
2059 2544 2327 2601 hactenus
2369 2547 2453 2601 vel
2493 2557 2683 2602 contra
2729 2549 3024 2605 maximam
3069 2548 3339 2604 incuriam
3382 2564 3478 2619 pa-

1898 2636 2215 2691 trimonium
2255 2638 2445 2703 durat,
2484 2641 2630 2709 quod
2665 2641 3052 2713 philosophum
3094 2644 3239 2697 alere
3281 2644 3478 2713 possit.

1895 2727 2085 2798 Neque
2120 2738 2176 2784 tu
2217 2733 2626 2800 aspernandum
2661 2732 2766 2787 hoc
2801 2734 3109 2797 existimes,
3152 2736 3199 2790 si
3246 2750 3378 2789 cura
3413 2749 3478 2788 ac

1896 2822 2179 2892 diligentia
2220 2825 2538 2879 accesserit.
2596 2824 2710 2881 Iloc
2761 2826 2924 2882 modo
2963 2835 3017 2882 te
3064 2816 3119 2882 iii
3174 2828 3265 2891 iis,
3299 2842 3479 2896 neque

1897 2914 2055 2968 aliter
2083 2929 2243 2985 gere;
2280 2917 2385 2970 nisi
2419 2916 2549 2986 quid
2592 2916 2735 2973 forte
2770 2919 2988 2973 interim
3028 2919 3225 2973 melius
3262 2918 3480 2975 accide-

1897 3004 1989 3068 rit,
2021 3018 2087 3057 ac
2122 3020 2342 3059 rursum
2375 3007 2651 3075 jacentem
2691 3007 3008 3063 Heracleam
3049 3009 3356 3064 instaurare
3386 3023 3480 3063 co-

207 3100 357 3150 ὲστιν
384 3099 412 3151 ὁ
437 3097 693 3167 Διογένης
722 3097 869 3167 ἐμός.
897 3094 961 3150 Ei
996 3096 1092 3167 μὲν
1116 3092 1208 3150 οὖν
1235 3096 1470 3168 ὲπέτυχέ
1494 3114 1587 3152 σου
1614 3097 1791 3169 ζητῶν

1896 3096 2056 3165 gites.
2109 3092 2385 3165 Epistolas
2430 3097 2630 3167 quibus
2692 3099 2845 3151 soleo
2900 3098 3081 3151 nullas
3134 3098 3356 3166 scripsi,
3406 3097 3478 3151 ob

208 3190 466 3261 (ἐζήτησε
498 3190 606 3259 γὰρ
626 3183 724 3242 οἵδ’
749 3189 877 3258 ὅτι),
907 3188 1000 3241 καὶ
1032 3187 1097 3258 δὴ
1121 3188 1213 3241 τὸν
1244 3188 1509 3257 φάκελλον
1541 3189 1795 3243 ἐπιδέδω-

206 3299 325 3336 κεν.
356 3281 430 3335 Οὐ
458 3280 568 3351 γὰρ
596 3280 978 3349 ἐπεγέγραπτο
1002 3280 1137 3351 (71).
1184 3280 1246 3334 Ei
1272 3280 1329 3333 δὲ
1367 3282 1464 3352 μὴ,
1489 3281 1793 3353 ναύκληρον

208 3372 351 3425 αίτει
387 3370 557 3436 δεῖξαί
587 3387 667 3424 σοι
711 3371 800 3423 τὸν
834 3370 1134 3434 νεανίσκον,
1168 3371 1263 3425 καὶ
1296 3372 1664 3442 κομισάμενος
1695 3373 1793 3436 τὰς

208 3463 518 3526 ἐπιστολὰς,
550 3462 711 3526 αὐτὸς
738 3461 909 3516 ἅπασι
929 3462 1093 3516 δίδου.
1123 3463 1246 3517 Εἰσὶ
1275 3463 1331 3516 δὲ
1362 3463 1457 3527 οὒς
1484 3465 1611 3534 περὶ
1637 3464 1790 3516 πλεί-

210 3570 339 3607 στου
388 3553 646 3622 ποιοῦμαι
698 3554 828 3625 παρ’
870 3552 1006 3623 ὲμοῦ
1053 3554 1487 3623 προσειρῆσθαι·
1542 3556 1570 3606 ό
1611 3555 1791 3625 πατὴρ

208 3644 452 3715 Πρόκλος
475 3660 488 3675 ⁸
518 3643 749 3715 Τρύφων
766 3646 794 3697 ὁ
818 3644 947 3713 παρ’
974 3644 1104 3714 ἡμῖν
1123 3641 1293 3713 ἄρξας
1311 3660 1325 3675 ·
1356 3642 1677 3713 Σιμπλίκιος
1701 3646 1794 3697 καὶ

209 3738 375 3807 ἀνὴρ,
406 3736 501 3791 καὶ
540 3737 723 3809 ἄρχων
755 3735 979 3803 ἀγαθὸς,
1015 3736 1109 3788 καὶ
1157 3735 1308 3803 φίλος
1349 3735 1499 3805 ὲμός.
1544 3736 1795 3799 Ἐπιδοὺς

208 3826 362 3897 αὐτῷ
386 3827 484 3899 τὴν
518 3826 827 3897 ἐπιστολὴν,
863 3828 920 3880 ἐν
961 3819 1006 3894 ᾧ
1050 3825 1283 3896 πάρεστι
1332 3826 1545 3897 χρόνῳ,
1591 3827 1792 3898 χρῆσαι

209 3917 416 3989 τάνδρί.
462 3917 639 3970 Καλδν
666 3916 778 3987 γάρ
805 3916 899 3969 καὶ
934 3915 1262 3987 συσχολάσαι
1297 3915 1602 3986 στρατιώτῃ
1636 3932 1794 3988 ποιη-

208 4009 368 4079 τ;κῷ.
398 4009 696 4079 Στρουθοὺς
725 4007 966 4077 μεγάλας
990 4006 1098 4060 ἀπὸ
1124 4006 1233 4059 τῶν
1262 4008 1319 4060 έν
1352 4008 1543 4080 εἰρήνῃ
1569 4024 1795 4080 κυνηγε-

213 4102 346 4153 σίων
378 4100 613 4170 είχομεν.
659 4098 798 4153 Ἀλλ’
840 4098 942 4151 οὐκ
982 4093 1051 4168 ἦν
1084 4097 1255 4160 αύτάς
1282 4097 1523 4151 στέλλειν
1568 4100 1662 4152 ἐπὶ
1692 4099 1792 4152 θά-

208 4194 431 4253 λατταν.
478 4191 568 4245 διὰ
596 4190 705 4244 τῶν
737 4189 914 4244 ὃπλων
949 4190 1058 4243 τῶν
1089 4189 1383 4259 πολεμίων,
1420 4191 1541 4244 οὐδὲ
1569 4191 1703 4246 ἄλλο
1739 4210 1793 4245 τι

207 4284 319 4338 τῶν
347 4282 497 4353 παρά
518 4282 615 4345 τάς
638 4280 807 4344 ἀκτὰς
832 4281 1001 4334 ὄντων
1026 4280 1152 4349 ὲξῆν
1174 4279 1406 4334 ἐνθεῖναι
1430 4284 1543 4344 τοῖς
1564 4283 1793 4346 πλοίοις.

1899 3183 2160 3252 temporis
2192 3183 2604 3249 difficultatem;
2641 3186 2738 3241 sed
2768 3201 2941 3255 nuper
2972 3186 3228 3241 onmibus
3256 3186 3478 3256 scripsi,

1897 3288 1962 3328 ac
2016 3276 2319 3329 litterarum
2369 3276 2694 3330 fasciculum
2757 3276 2983 3347 Diogeni
3040 3279 3317 3333 commisi.
3377 3276 3479 3333 Pa-

1898 3364 2090 3419 truelis
2122 3380 2277 3421 meus
2312 3364 2580 3436 Diogenes
2629 3368 2733 3423 iste
2780 3377 2883 3433 est,
2921 3370 3014 3439 qui
3046 3369 3093 3423 si
3139 3378 3190 3424 te
3228 3384 3480 3440 quaerens

1896 3457 2165 3512 invenerit
2195 3460 2325 3525 (non
2372 3459 2517 3513 enim
2546 3458 2703 3529 27],
2740 3459 2931 3515 dubito
2961 3460 3095 3531 quin
3152 3462 3475 3532 quasierit),

1897 3550 2061 3602 simul
2097 3556 2151 3602 et
2194 3549 2516 3605 fasciculum
2573 3551 2741 3606 dedit.
2772 3550 2890 3607 Non
2918 3552 3065 3607 enim
3113 3562 3232 3608 erat
3277 3553 3480 3609 inscri-

1899 3650 2044 3706 ptus.
2094 3638 2189 3692 Sin
2251 3640 2456 3704 minus,
2496 3641 2816 3695 nauclerum
2866 3656 3021 3712 roga,
3045 3649 3106 3695 ut
3142 3642 3240 3696 tibi
3296 3641 3479 3697 adole-

1896 3738 2135 3787 scentem
2169 3729 2373 3784 indicet
2400 3749 2413 3784 :
2443 3747 2678 3803 cumque
2712 3733 2780 3788 ab
2825 3748 2890 3788 eo
2931 3734 3142 3789 litteras
3172 3733 3472 3804 acceperis,

1896 3826 2014 3893 ipse
2055 3823 2311 3877 omnibus
2366 3822 2561 3879 reddas
2618 3824 2799 3879 velim.
2852 3822 3111 3880 Nonnulli
3150 3836 3300 3891 sunt,
3338 3841 3478 3897 quos

1894 3929 2019 3970 meo
2049 3916 2271 3972 nomine
2292 3916 2612 3987 compellari
2644 3930 2993 3986 summopere
3025 3916 3243 3988 cupiam
3275 3936 3289 3974 :
3318 3926 3479 3988 pater

1896 4004 2166 4073 Proclus;
2205 4005 2447 4079 Trypho,
2480 4007 2574 4077 qui
2618 4006 2916 4077 provinciae
2963 4015 3169 4062 nostra
3209 4007 3475 4077 prazfuit;

1896 4097 2221 4170 Simplicius
2252 4115 2361 4153 non
2395 4100 2582 4155 minus
2614 4100 2720 4166 vir,
2748 4113 2914 4169 quam
2946 4098 3302 4168 magistratus
3330 4099 3477 4168 Opti-

1894 4206 2041 4254 mus,
2074 4199 2127 4245 et
2158 4190 2372 4246 amicus
2396 4206 2551 4246 meus
2585 4208 2598 4244 :
2632 4190 2722 4245 cui
2751 4197 3039 4261 postquam
3078 4190 3286 4244 litteras
3316 4189 3478 4244 obtu-

1895 4284 2050 4351 leris,
2113 4283 2357 4354 quandiu
2422 4282 2715 4353 praesentis
2751 4281 2968 4352 cepiam
3005 4281 3199 4345 habes,
3254 4280 3476 4337 homine

208 4375 369 4441 Οἷνος
396 4372 490 4430 οὖν
527 4376 687 4446 μόνος
723 4375 838 4427 ἐστὶ
867 4374 927 4427 τὸ
971 4374 1209 4445 φορτίον.
1270 4374 1481 4427 Ἐλαίου
1529 4375 1585 4428 δὲ
1616 4376 1675 4428 ού
1711 4376 1788 4446 μὰ

1900 4383 2074 4431 utere.
2138 4374 2469 4430 Praaclarum
2530 4375 2676 4429 enim
2736 4382 2822 4429 est
2885 4388 3011 4427 cum
3047 4373 3220 4428 milite
3265 4373 3471 4428 versari

210 4468 311 4538 τὴν
336 4440 540 4535 τιμίαν*
558 4481 651 4517 σου
682 4463 944 4535 κεφαλὴν,
969 4440 1088 4517 οὐδὲ
1111 4462 1309 4521 κύαθον
1339 4462 1619 4533 ἀγώγιμον
1642 4440 1791 4535 ἔχου-

1900 4467 2127 4536 poetica:
2172 4462 2446 4522 studioso.
2504 4464 2999 4521 Struthiocamelos
3041 4479 3270 4535 magnos
3304 4464 3475 4519 habe-

213 4576 301 4611 σιν
324 4574 340 4589 ⁸
371 4556 564 4610 οὔκουν
585 4556 685 4609 ὅσα
710 4572 774 4623 γε
803 4555 898 4613 καὶ
926 4554 1025 4625 ἐμὲ
1053 4555 1273 4609 ειδέναι.
1306 4554 1509 4609 Τοσάδε
1530 4551 1625 4609 οὖν
1646 4556 1790 4611 οίνου

214 4652 399 4717 ξεστία
425 4649 579 4704 λάϐε.
597 4647 759 4720 Λήψῃ
779 4647 854 4709 δὲ,
886 4647 1105 4709 ἐπιδοὺς
1131 4646 1193 4699 τὺ
1220 4647 1355 4718 πρὸς
1393 4648 1611 4702 Ἰούλιον
1633 4649 1795 4720 πρόσ-

206 4758 420 4812 ταγμα.
467 4740 797 4810 Πρόσκειται
833 4737 891 4789 δὲ
932 4738 1000 4807 τῇ
1041 4738 1318 4809 ἐπιστολῇ,
1350 4739 1446 4792 τοῦ
1480 4738 1556 4811 μὴ
1604 4741 1793 4794 διαπε-

214 4836 329 4886 σεῖν
354 4832 538 4886 ἕνεκα.
570 4829 681 4882 Καὶ
725 4826 802 4897 τῷ
837 4828 1010 4897 πατρὶ
1042 4827 1272 4898 Πρόκλῳ
1300 4830 1651 4900 γεγράφηκα,
1696 4833 1791 4885 καί⁵

210 4920 386 4978 ταῦτα
413 4921 697 4989 πέπομφα.
731 4917 982 4984 ΔεξάσΘω
1028 4918 1122 4970 καὶ
1166 4918 1266 4987 τὴν
1313 4919 1599 4989 ἐπιστολὴν
1638 4922 1789 4992 παρά

213 5015 332 5078 σού,
361 5014 456 5067 καὶ
486 5014 577 5066 τὸν
618 5008 760 5065 οῒνον
791 5010 943 5081 παρά
991 5011 1084 5063 τοῦ
1138 5011 1379 5069 Ἰουλίου.
1427 5013 1681 5085 Τρύφωνι
1710 5018 1789 5088 τῷ

211 5105 400 5179 χρυσῷ
437 5106 536 5175 (δεῖ
559 5106 665 5177 γάρ
691 5121 743 5157 τι
776 5104 870 5158 καὶ
916 5105 974 5155 έν
1000 5102 1208 5165 τούτοις
1236 5102 1441 5173 ψυχρὸν
1488 5107 1662 5161 εἰπεῖν
1694 5111 1788 5162 καὶ

209 5200 535 5270 Γοργιαίον).
566 5196 820 5268 Τρύφωνι
847 5195 916 5248 τά
941 5194 1089 5266 δῶρα
1120 5197 1631 5268 παρεσκευάσαμεν,
1656 5200 1789 5254 ὀπὸν

209 5289 425 5357 σιλφίου
453 5289 638 5343 πολύν.
681 5287 884 5341 Βάττου
918 5286 1028 5358 γὰρ
1052 5286 1268 5350 ἀκούεις
1295 5289 1425 5342 αὐτὸ
1452 5290 1623 5361 δήπου
1649 5307 1661 5320 ·
1694 5296 1789 5347 καὶ

208 5370 410 5455 κρόκον
460 5381 698 5451 ἄριστον.
762 5377 988 5447 Ἀγαθὸν
1032 5378 1142 5450 γὰρ
1186 5380 1220 5450 ἡ
1271 5379 1497 5451 Κυρήνη
1543 5382 1653 5455 (72)
1698 5387 1791 5439 καὶ

1894 4557 2089 4615 bamus
2117 4573 2185 4615 ex
2208 4559 2617 4624 venationibus,
2658 4572 2797 4629 quas
2831 4566 3079 4628 tempore
3131 4557 3283 4627 pacis
3315 4572 3475 4611 exer-

1895 4651 2133 4717 quimus.
2184 4647 2389 4705 Verum
2438 4650 2657 4704 mittere
2684 4663 2782 4704 eos
2811 4648 2880 4703 ad
2910 4662 3063 4702 mare
3122 4662 3219 4717 per
3273 4644 3473 4701 infesta

1898 4744 2137 4798 hostium
2192 4756 2344 4796 arma
2392 4757 2503 4796 non
2556 4740 2861 4811 potuimus,
2906 4749 3086 4809 neque
3129 4737 3282 4793 aliud
3312 4739 3472 4806 quid-

1894 4848 2062 4904 quam
2086 4847 2302 4897 eorum,
2333 4847 2454 4901 quae
2484 4831 2541 4885 in
2570 4831 2756 4886 littore
2787 4836 2969 4897 erant,
3011 4828 3249 4899 navigiis
3298 4829 3476 4898 impo-

1898 4941 2028 4982 nere
2067 4925 2245 4980 licuit.
2274 4923 2417 4979 Vino
2446 4923 2615 4993 igitur
2647 4922 2919 4977 duntaxat
2949 4922 3323 4976 oneravimus.
3352 4921 3469 4976 Olei

1897 5034 2045 5083 vero,
2076 5033 2171 5088 per
2224 5017 2610 5072 charissimum
2662 5021 2829 5086 caput
2872 5022 3050 5077 tuum,
3110 5029 3177 5070 ne
3212 5015 3472 5085 cyathum

1896 5112 2117 5181 quidem
2150 5110 2540 5179 importarunt,
2576 5117 2843 5177 quantum
2873 5106 3015 5162 scire
3046 5108 3341 5177 potuerim.
3365 5107 3473 5161 Ac-

1896 5205 2018 5273 cipe
2051 5203 2220 5273 igitur
2248 5202 2361 5257 vini
2409 5200 2637 5255 totidem
2686 5200 2982 5255 sextarios.
3026 5200 3282 5270 Accipies
3313 5215 3467 5262 vero,

1899 5301 2189 5363 postquam
2223 5291 2565 5354 mandatum,
2587 5292 2731 5361 quod
2756 5290 2820 5345 ad
2846 5288 3051 5347 Iulium
3084 5291 3347 5360 scriptum
3364 5300 3468 5357 est,

1898 5383 2114 5438 dederis
2140 5400 2154 5436 :
2182 5379 2329 5452 quod
2360 5379 2606 5450 epistolae
2634 5378 2953 5449 adjunctum
2981 5387 3087 5457 est,
3113 5395 3183 5435 ne
3216 5378 3471 5436 excidere

1447 5493 1625 5551 DION.
1668 5497 1937 5556 PETAVII
1970 5496 2201 5554 NOTAE.

284 5612 393 5680 (7|)
422 5610 756 5683 [LXXXVIH
791 5612 873 5683 035
900 5609 1012 5683 τὰρ
1034 5610 1456 5683 ἐπεγέγραπτο.
1478 5611 1589 5666 Imo
1636 5615 1782 5683 qtnnl

208 5683 290 5736 ιΙΙί
312 5679 632 5755 inscriptus
652 5679 795 5737 esset
822 5679 1139 5755 fasciculus.
1171 5679 1293 5755 ng.
1328 5684 1508 5755 itaque
1542 5685 1621 5736 σοὶ
1649 5679 1777 5755 γάρ.

286 5752 399 5817 (Η)
443 5748 681 5820 Ἀγαθὸν
702 5755 811 5818 γὰρ
836 5748 1161 5820 ήίΚυρήνη.
1194 5748 1575 5820 Stippleviinus
1592 5748 1671 5807 ex
1690 5748 1777 5807 ve»

210 5822 323 5877 teri
380 5818 543 5877 voces
607 5820 836 5891 aliquot.
881 5818 1150 5874 Nimirum
1194 5818 1399 5875 Βάττου
1432 5821 1539 5894 γὰρ
1570 5823 1788 5887 ἀκούεις

1891 5616 2022 5670 αὐτὸ
2047 5615 2221 5684 δήπου
2246 5614 2341 5667 καὶ
2369 5612 2569 5686 κρόκον
2601 5612 2841 5686 ἄριστον,
2863 5618 2968 5666 etc.
2994 5608 3317 5686 Quanquam
3345 5615 3469 5676 post

1888 5686 2058 5755 δήπου
2100 5680 2312 5755 'vocula
2344 5680 2605 5755 quaedam
2639 5680 2779 5755 erat,
2811 5696 2983 5755 quam
2997 5680 3191 5755 legere
3242 5693 3468 5755 prorsus

1890 5747 1997 5809 non
2035 5756 2206 5824 potui.
2245 5754 2337 5808 Sic
2364 5747 2545 5824 autem
2574 5751 2785 5821 depicta
2818 5747 2919 5807 fuit
2938 5747 3031 5819 (D‘.
3064 5747 3329 5824 Cancrum
3361 5747 3465 5824 ali-

1896 5816 2183 5894 quid'aute
2212 5823 2415 5895 ἀγαθὸν
2443 5822 2550 5894 γὰρ
2576 5824 2610 5893 ή
2638 5816 2801 5894 Κυρ.,
2822 5816 2954 5889 etc.,
2974 5827 3171 5892 praeter
3199 5817 3331 5873 ὀπὸν
3362 5816 3471 5870 0t).-
