  <div class='ocr_page' id='page_1' title='image "/cluster/home/n/w/nwhite01/storage/ocr_20150623/66/nnc1.0021886636/823.png"; bbox 0 0 3838 6236; ppageno 0'>
   <div class='ocr_carea' id='block_1_1' title="bbox 469 393 610 450">
    <p class='ocr_par' dir='ltr' id='par_1_1' title="bbox 469 393 610 450">
     <span class='ocr_line' id='line_1_1' title="bbox 469 393 610 450; baseline 0 0"><span class='ocrx_word' id='word_1_1' title='bbox 469 393 610 450; x_wconf 71' lang='grc'><strong>1523</strong></span> 
     </span>
    </p>
   </div>
   <div class='ocr_carea' id='block_1_2' title="bbox 1527 392 2656 452">
    <p class='ocr_par' dir='ltr' id='par_1_2' title="bbox 1527 392 2656 452">
     <span class='ocr_line' id='line_1_2' title="bbox 1527 392 2656 452; baseline 0.002 -3"><span class='ocrx_word' id='word_1_2' title='bbox 1527 393 1790 450; x_wconf 75' lang='lat' dir='ltr'><strong>SYNESII</strong></span> <span class='ocrx_word' id='word_1_3' title='bbox 1839 392 2307 452; x_wconf 79' lang='lat' dir='ltr'><strong>PTOLEMAIDIS</strong></span> <span class='ocrx_word' id='word_1_4' title='bbox 2347 393 2656 452; x_wconf 76' lang='lat' dir='ltr'><strong>EPISCOPI</strong></span> 
     </span>
    </p>
   </div>
   <div class='ocr_carea' id='block_1_3' title="bbox 3618 400 3737 456">
    <p class='ocr_par' dir='ltr' id='par_1_3' title="bbox 3618 400 3737 456">
     <span class='ocr_line' id='line_1_3' title="bbox 3618 400 3737 456; baseline -0.017 -1"><span class='ocrx_word' id='word_1_5' title='bbox 3618 400 3737 456; x_wconf 66' lang='grc'><strong>1518</strong></span> 
     </span>
    </p>
   </div>
   <div class='ocr_carea' id='block_1_4' title="bbox 471 507 2044 587">
    <p class='ocr_par' dir='ltr' id='par_1_4' title="bbox 471 507 2039 583">
     <span class='ocr_line' id='line_1_4' title="bbox 471 507 2039 583; baseline 0.001 -18"><span class='ocrx_word' id='word_1_6' title='bbox 471 517 674 580; x_wconf 82' lang='lat' dir='ltr'><strong>posset.</strong></span> <span class='ocrx_word' id='word_1_7' title='bbox 711 507 916 576; x_wconf 78' lang='lat' dir='ltr'><strong>Scripsi</strong></span> <span class='ocrx_word' id='word_1_8' title='bbox 979 517 1034 564; x_wconf 91' lang='lat' dir='ltr'><strong>et</strong></span> <span class='ocrx_word' id='word_1_9' title='bbox 1079 511 1223 580; x_wconf 92' lang='lat' dir='ltr'><strong>patri</strong></span> <span class='ocrx_word' id='word_1_10' title='bbox 1264 511 1495 576; x_wconf 85' lang='lat' dir='ltr'><strong>Proclo,</strong></span> <span class='ocrx_word' id='word_1_11' title='bbox 1549 513 1851 583; x_wconf 83' lang='lat' dir='ltr'><strong>eademque</strong></span> <span class='ocrx_word' id='word_1_12' title='bbox 1894 513 2039 568; x_wconf 85' lang='lat' dir='ltr'><strong>misi.</strong></span> 
     </span>
    </p>
   </div>
   <div class='ocr_carea' id='block_1_5' title="bbox 2154 507 3738 587">
    <p class='ocr_par' dir='ltr' id='par_1_5' title="bbox 2154 511 3738 587">
     <span class='ocr_line' id='line_1_5' title="bbox 2154 511 3738 587; baseline 0.002 -22"><span class='ocrx_word' id='word_1_13' title='bbox 2154 511 2332 566; x_wconf 76' lang='grc' dir='ltr'>τοῦτον</span> <span class='ocrx_word' id='word_1_14' title='bbox 2381 513 2653 584; x_wconf 74' lang='grc' dir='ltr'>ἐκτρέφει.</span> <span class='ocrx_word' id='word_1_15' title='bbox 2691 513 2766 566; x_wconf 86' lang='grc' dir='ltr'><strong>Οὐ</strong></span> <span class='ocrx_word' id='word_1_16' title='bbox 2804 514 2912 584; x_wconf 77' lang='grc' dir='ltr'>μὴν</span> <span class='ocrx_word' id='word_1_17' title='bbox 2952 513 3226 584; x_wconf 67' lang='grc' dir='ltr'>ἐξεγένετο</span> <span class='ocrx_word' id='word_1_18' title='bbox 3258 515 3542 587; x_wconf 80' lang='grc' dir='ltr'><strong>πέμπειν,</strong></span> <span class='ocrx_word' id='word_1_19' title='bbox 3588 517 3649 570; x_wconf 78' lang='grc' dir='ltr'><strong>τό</strong></span> <span class='ocrx_word' id='word_1_20' title='bbox 3687 535 3738 584; x_wconf 76' lang='grc' dir='ltr'><strong>γε</strong></span> 
     </span>
    </p>
   </div>
   <div class='ocr_carea' id='block_1_6' title="bbox 467 602 2058 675">
    <p class='ocr_par' dir='ltr' id='par_1_6' title="bbox 467 602 2058 675">
     <span class='ocr_line' id='line_1_6' title="bbox 467 602 2058 675; baseline 0.003 -21"><span class='ocrx_word' id='word_1_21' title='bbox 467 602 718 670; x_wconf 76' lang='lat' dir='ltr'><strong>Accipiat</strong></span> <span class='ocrx_word' id='word_1_22' title='bbox 741 617 771 654; x_wconf 91' lang='lat' dir='ltr'><strong>a</strong></span> <span class='ocrx_word' id='word_1_23' title='bbox 798 611 850 656; x_wconf 89' lang='lat' dir='ltr'><strong>te</strong></span> <span class='ocrx_word' id='word_1_24' title='bbox 880 603 1111 666; x_wconf 86' lang='lat' dir='ltr'><strong>litteras,</strong></span> <span class='ocrx_word' id='word_1_25' title='bbox 1131 604 1434 674; x_wconf 83' lang='lat' dir='ltr'><strong>vinumque</strong></span> <span class='ocrx_word' id='word_1_26' title='bbox 1467 605 1537 660; x_wconf 90' lang='lat' dir='ltr'><strong>ab</strong></span> <span class='ocrx_word' id='word_1_27' title='bbox 1563 603 1729 658; x_wconf 87' lang='lat' dir='ltr'><strong>.lulio.</strong></span> <span class='ocrx_word' id='word_1_28' title='bbox 1763 603 2058 675; x_wconf 61' lang='lat' dir='ltr'><strong>Tryphoni.</strong></span> 
     </span>
    </p>
   </div>
   <div class='ocr_carea' id='block_1_7' title="bbox 469 694 2048 767">
    <p class='ocr_par' dir='ltr' id='par_1_7' title="bbox 469 694 2048 767">
     <span class='ocr_line' id='line_1_7' title="bbox 469 694 2048 767; baseline 0.003 -22"><span class='ocrx_word' id='word_1_29' title='bbox 469 707 638 746; x_wconf 75' lang='lat' dir='ltr'><strong>aureo</strong></span> <span class='ocrx_word' id='word_1_30' title='bbox 670 694 932 762; x_wconf 83' lang='lat' dir='ltr'><strong>(oportet</strong></span> <span class='ocrx_word' id='word_1_31' title='bbox 961 698 1108 748; x_wconf 91' lang='lat' dir='ltr'><strong>enim</strong></span> <span class='ocrx_word' id='word_1_32' title='bbox 1136 696 1192 750; x_wconf 90' lang='lat' dir='ltr'><strong>in</strong></span> <span class='ocrx_word' id='word_1_33' title='bbox 1215 697 1283 752; x_wconf 88' lang='lat' dir='ltr'><strong>iis</strong></span> <span class='ocrx_word' id='word_1_34' title='bbox 1315 697 1574 767; x_wconf 79' lang='lat' dir='ltr'><strong>frigidum</strong></span> <span class='ocrx_word' id='word_1_35' title='bbox 1606 696 1815 766; x_wconf 86' lang='lat' dir='ltr'><strong>aliquid</strong></span> <span class='ocrx_word' id='word_1_36' title='bbox 1837 705 1890 750; x_wconf 89' lang='lat' dir='ltr'><strong>et</strong></span> <span class='ocrx_word' id='word_1_37' title='bbox 1915 696 2048 751; x_wconf 87' lang='lat' dir='ltr'><strong>Cor-</strong></span> 
     </span>
    </p>
   </div>
   <div class='ocr_carea' id='block_1_8' title="bbox 467 783 2051 859">
    <p class='ocr_par' dir='ltr' id='par_1_8' title="bbox 467 783 2051 859">
     <span class='ocr_line' id='line_1_8' title="bbox 467 783 2051 859; baseline 0.001 -21"><span class='ocrx_word' id='word_1_38' title='bbox 467 783 778 854; x_wconf 71' lang='lat' dir='ltr'><strong>giaasimile</strong></span> <span class='ocrx_word' id='word_1_39' title='bbox 810 785 1056 857; x_wconf 90' lang='lat' dir='ltr'><strong>dicere),</strong></span> <span class='ocrx_word' id='word_1_40' title='bbox 1086 786 1387 859; x_wconf 87' lang='lat' dir='ltr'><strong>Tryphoni,</strong></span> <span class='ocrx_word' id='word_1_41' title='bbox 1414 789 1663 859; x_wconf 86' lang='lat' dir='ltr'><strong>inquam,</strong></span> <span class='ocrx_word' id='word_1_42' title='bbox 1697 789 1840 842; x_wconf 89' lang='lat' dir='ltr'><strong>dona</strong></span> <span class='ocrx_word' id='word_1_43' title='bbox 1890 802 2051 856; x_wconf 79' lang='lat' dir='ltr'><strong>para-</strong></span> 
     </span>
    </p>
   </div>
   <div class='ocr_carea' id='block_1_9' title="bbox 2153 602 3741 680">
    <p class='ocr_par' dir='ltr' id='par_1_9' title="bbox 2153 602 3741 680">
     <span class='ocr_line' id='line_1_9' title="bbox 2153 602 3741 680; baseline 0.003 -24"><span class='ocrx_word' id='word_1_44' title='bbox 2153 602 2246 656; x_wconf 83' lang='grc' dir='ltr'><strong>νῦν</strong></span> <span class='ocrx_word' id='word_1_45' title='bbox 2271 603 2412 674; x_wconf 82' lang='grc' dir='ltr'>ἕχον.</span> <span class='ocrx_word' id='word_1_46' title='bbox 2459 605 2596 657; x_wconf 86' lang='grc' dir='ltr'>Ἀλλ’</span> <span class='ocrx_word' id='word_1_47' title='bbox 2627 605 2980 676; x_wconf 78' lang='grc' dir='ltr'>ὲκπέμψομεν</span> <span class='ocrx_word' id='word_1_48' title='bbox 3009 606 3074 660; x_wconf 82' lang='grc' dir='ltr'>ἂν</span> <span class='ocrx_word' id='word_1_49' title='bbox 3095 610 3174 670; x_wconf 79' lang='grc' dir='ltr'><strong>είς</strong></span> <span class='ocrx_word' id='word_1_50' title='bbox 3198 608 3395 680; x_wconf 77' lang='grc' dir='ltr'>ἑτέραν</span> <span class='ocrx_word' id='word_1_51' title='bbox 3423 609 3600 670; x_wconf 88' lang='grc' dir='ltr'>ναῦν,</span> <span class='ocrx_word' id='word_1_52' title='bbox 3623 610 3741 662; x_wconf 77' lang='grc' dir='ltr'>ὅταν</span> 
     </span>
    </p>
   </div>
   <div class='ocr_carea' id='block_1_10' title="bbox 2153 698 3742 775">
    <p class='ocr_par' dir='ltr' id='par_1_10' title="bbox 2153 698 3742 775">
     <span class='ocr_line' id='line_1_10' title="bbox 2153 698 3742 775; baseline 0.003 -25"><span class='ocrx_word' id='word_1_53' title='bbox 2153 699 2248 751; x_wconf 79' lang='grc' dir='ltr'>καὶ</span> <span class='ocrx_word' id='word_1_54' title='bbox 2279 699 2408 768; x_wconf 80' lang='grc' dir='ltr'>ὑμῖν</span> <span class='ocrx_word' id='word_1_55' title='bbox 2441 698 2558 768; x_wconf 81' lang='grc' dir='ltr'>μετ’</span> <span class='ocrx_word' id='word_1_56' title='bbox 2587 698 2751 753; x_wconf 80' lang='grc' dir='ltr'>αὐτοῦ</span> <span class='ocrx_word' id='word_1_57' title='bbox 2789 700 2888 772; x_wconf 84' lang='grc' dir='ltr'>μὲν</span> <span class='ocrx_word' id='word_1_58' title='bbox 2913 701 3014 766; x_wconf 82' lang='grc' dir='ltr'><strong>τὰς</strong></span> <span class='ocrx_word' id='word_1_59' title='bbox 3045 702 3358 773; x_wconf 78' lang='grc' dir='ltr'>στρουθοὺς,</span> <span class='ocrx_word' id='word_1_60' title='bbox 3416 705 3742 775; x_wconf 73' lang='grc' dir='ltr'>καταμόνας</span> 
     </span>
    </p>
   </div>
   <div class='ocr_carea' id='block_1_11' title="bbox 2152 790 2510 845">
    <p class='ocr_par' dir='ltr' id='par_1_11' title="bbox 2152 790 2510 845">
     <span class='ocr_line' id='line_1_11' title="bbox 2152 790 2510 845; baseline 0.006 -2"><span class='ocrx_word' id='word_1_61' title='bbox 2152 792 2210 843; x_wconf 84' lang='grc' dir='ltr'>δὲ</span> <span class='ocrx_word' id='word_1_62' title='bbox 2240 790 2510 845; x_wconf 77' lang='grc' dir='ltr'>τοῡλαιον.</span> 
     </span>
    </p>
   </div>
   <div class='ocr_carea' id='block_1_12' title="bbox 470 872 3737 960">
    <p class='ocr_par' dir='ltr' id='par_1_12' title="bbox 470 872 3737 960">
     <span class='ocr_line' id='line_1_12' title="bbox 470 872 3737 960; baseline 0.005 -37"><span class='ocrx_word' id='word_1_63' title='bbox 470 872 666 938; x_wconf 85' lang='lat' dir='ltr'><strong>vimus,</strong></span> <span class='ocrx_word' id='word_1_64' title='bbox 707 875 902 930; x_wconf 85' lang='lat' dir='ltr'><strong>laseris</strong></span> <span class='ocrx_word' id='word_1_65' title='bbox 932 892 1187 948; x_wconf 78' lang='lat' dir='ltr'><strong>magnam</strong></span> <span class='ocrx_word' id='word_1_66' title='bbox 1211 881 1447 949; x_wconf 89' lang='lat' dir='ltr'><strong>copiam.</strong></span> <span class='ocrx_word' id='word_1_67' title='bbox 1474 878 1589 934; x_wconf 85' lang='lat' dir='ltr'><strong>Hoc</strong></span> <span class='ocrx_word' id='word_1_68' title='bbox 1615 879 1761 934; x_wconf 88' lang='lat' dir='ltr'><strong>enim</strong></span> <span class='ocrx_word' id='word_1_69' title='bbox 1795 879 1860 934; x_wconf 91' lang='lat' dir='ltr'><strong>de</strong></span> <span class='ocrx_word' id='word_1_70' title='bbox 1887 878 2042 934; x_wconf 86' lang='lat' dir='ltr'><strong>Batto</strong></span> <span class='ocrx_word' id='word_1_71' title='bbox 2082 881 2300 937; x_wconf 87' lang='lat' dir='ltr'><strong>scilicet</strong></span> <span class='ocrx_word' id='word_1_72' title='bbox 2339 885 2602 955; x_wconf 88' lang='lat' dir='ltr'><strong>accepisti</strong></span> <span class='ocrx_word' id='word_1_73' title='bbox 2652 905 2664 940; x_wconf 92' lang='lat'>:</span> <span class='ocrx_word' id='word_1_74' title='bbox 2709 887 2775 941; x_wconf 89' lang='lat' dir='ltr'><strong>ad</strong></span> <span class='ocrx_word' id='word_1_75' title='bbox 2806 887 2922 942; x_wconf 69' lang='lat' dir='ltr'><strong>haec</strong></span> <span class='ocrx_word' id='word_1_76' title='bbox 2970 902 3190 944; x_wconf 86' lang='lat' dir='ltr'><strong>crocum</strong></span> <span class='ocrx_word' id='word_1_77' title='bbox 3236 890 3543 960; x_wconf 88' lang='lat' dir='ltr'><strong>optimum.</strong></span> <span class='ocrx_word' id='word_1_78' title='bbox 3614 889 3737 941; x_wconf 76' lang='lat' dir='ltr'><strong>Nam</strong></span> 
     </span>
    </p>
   </div>
   <div class='ocr_carea' id='block_1_13' title="bbox 466 965 3739 1054">
    <p class='ocr_par' dir='ltr' id='par_1_13' title="bbox 466 965 3739 1054">
     <span class='ocr_line' id='line_1_13' title="bbox 466 965 3739 1054; baseline 0.006 -37"><span class='ocrx_word' id='word_1_79' title='bbox 466 971 516 1017; x_wconf 80' lang='lat' dir='ltr'><strong>et</strong></span> <span class='ocrx_word' id='word_1_80' title='bbox 561 965 664 1020; x_wconf 90' lang='lat' dir='ltr'><strong>hoc</strong></span> <span class='ocrx_word' id='word_1_81' title='bbox 694 967 926 1036; x_wconf 89' lang='lat' dir='ltr'><strong>probum</strong></span> <span class='ocrx_word' id='word_1_82' title='bbox 962 967 1192 1040; x_wconf 76' lang='lat' dir='ltr'><strong>Cyrenis</strong></span> <span class='ocrx_word' id='word_1_83' title='bbox 1228 973 1498 1042; x_wconf 85' lang='lat' dir='ltr'><strong>provenit.</strong></span> <span class='ocrx_word' id='word_1_84' title='bbox 1531 971 1646 1026; x_wconf 84' lang='lat' dir='ltr'><strong>lloc</strong></span> <span class='ocrx_word' id='word_1_85' title='bbox 1686 980 1869 1028; x_wconf 87' lang='lat' dir='ltr'><strong>tamen</strong></span> <span class='ocrx_word' id='word_1_86' title='bbox 1908 973 2124 1028; x_wconf 83' lang='lat' dir='ltr'><strong>mittere</strong></span> <span class='ocrx_word' id='word_1_87' title='bbox 2193 975 2250 1029; x_wconf 91' lang='lat' dir='ltr'><strong>in</strong></span> <span class='ocrx_word' id='word_1_88' title='bbox 2301 978 2590 1045; x_wconf 73' lang='lat' dir='ltr'><strong>praesentia</strong></span> <span class='ocrx_word' id='word_1_89' title='bbox 2623 993 2733 1032; x_wconf 92' lang='lat' dir='ltr'><strong>non</strong></span> <span class='ocrx_word' id='word_1_90' title='bbox 2768 980 2958 1048; x_wconf 83' lang='lat' dir='ltr'><strong>potui:</strong></span> <span class='ocrx_word' id='word_1_91' title='bbox 3001 981 3095 1036; x_wconf 91' lang='lat' dir='ltr'><strong>sed</strong></span> <span class='ocrx_word' id='word_1_92' title='bbox 3150 982 3204 1035; x_wconf 89' lang='lat' dir='ltr'><strong>in</strong></span> <span class='ocrx_word' id='word_1_93' title='bbox 3249 983 3487 1037; x_wconf 83' lang='lat' dir='ltr'><strong>alteram</strong></span> <span class='ocrx_word' id='word_1_94' title='bbox 3557 993 3739 1054; x_wconf 82' lang='lat' dir='ltr'><strong>postea</strong></span> 
     </span>
    </p>
   </div>
   <div class='ocr_carea' id='block_1_14' title="bbox 467 1060 3738 1148">
    <p class='ocr_par' dir='ltr' id='par_1_14' title="bbox 467 1060 3738 1148">
     <span class='ocr_line' id='line_1_14' title="bbox 467 1060 3738 1148; baseline 0.006 -38"><span class='ocrx_word' id='word_1_95' title='bbox 467 1067 664 1112; x_wconf 84' lang='lat' dir='ltr'><strong>navem</strong></span> <span class='ocrx_word' id='word_1_96' title='bbox 718 1060 1062 1131; x_wconf 83' lang='lat' dir='ltr'><strong>imponetur,</strong></span> <span class='ocrx_word' id='word_1_97' title='bbox 1123 1073 1239 1119; x_wconf 93' lang='lat' dir='ltr'><strong>tum</strong></span> <span class='ocrx_word' id='word_1_98' title='bbox 1290 1082 1418 1121; x_wconf 87' lang='lat' dir='ltr'><strong>cum</strong></span> <span class='ocrx_word' id='word_1_99' title='bbox 1477 1066 1543 1121; x_wconf 88' lang='lat' dir='ltr'><strong>ad</strong></span> <span class='ocrx_word' id='word_1_100' title='bbox 1592 1081 1694 1122; x_wconf 86' lang='lat' dir='ltr'><strong>vos</strong></span> <span class='ocrx_word' id='word_1_101' title='bbox 1745 1067 2026 1122; x_wconf 89' lang='lat' dir='ltr'><strong>mittemus</strong></span> <span class='ocrx_word' id='word_1_102' title='bbox 2093 1085 2217 1123; x_wconf 92' lang='lat' dir='ltr'><strong>cum</strong></span> <span class='ocrx_word' id='word_1_103' title='bbox 2267 1070 2361 1126; x_wconf 92' lang='lat' dir='ltr'><strong>illo</strong></span> <span class='ocrx_word' id='word_1_104' title='bbox 2408 1071 2629 1143; x_wconf 90' lang='lat' dir='ltr'><strong>quidem</strong></span> <span class='ocrx_word' id='word_1_105' title='bbox 2682 1075 3189 1142; x_wconf 89' lang='lat' dir='ltr'><strong>struthiocamelos,</strong></span> <span class='ocrx_word' id='word_1_106' title='bbox 3242 1077 3512 1148; x_wconf 79' lang='lat' dir='ltr'><strong>privatim</strong></span> <span class='ocrx_word' id='word_1_107' title='bbox 3563 1086 3738 1133; x_wconf 84' lang='lat' dir='ltr'><strong>autem</strong></span> 
     </span>
    </p>
   </div>
   <div class='ocr_carea' id='block_1_15' title="bbox 465 1151 672 1208">
    <p class='ocr_par' dir='ltr' id='par_1_15' title="bbox 465 1151 672 1208">
     <span class='ocr_line' id='line_1_15' title="bbox 465 1151 672 1208; baseline 0.019 -4"><span class='ocrx_word' id='word_1_108' title='bbox 465 1151 672 1208; x_wconf 79' lang='lat' dir='ltr'><strong>oleum.</strong></span> 
     </span>
    </p>
   </div>
   <div class='ocr_carea' id='block_1_16' title="bbox 934 1243 1599 1305">
    <p class='ocr_par' dir='ltr' id='par_1_16' title="bbox 934 1243 1599 1305">
     <span class='ocr_line' id='line_1_16' title="bbox 934 1243 1599 1305; baseline 0.009 -6"><span class='ocrx_word' id='word_1_109' title='bbox 934 1243 1278 1302; x_wconf 81' lang='lat' dir='ltr'><strong>EPISTOLA</strong></span> <span class='ocrx_word' id='word_1_110' title='bbox 1313 1247 1599 1305; x_wconf 74' lang='lat' dir='ltr'><strong>CXXXIV.</strong></span> 
     </span>
    </p>
   </div>
   <div class='ocr_carea' id='block_1_17' title="bbox 1165 1337 1372 1393">
    <p class='ocr_par' dir='ltr' id='par_1_17' title="bbox 1165 1337 1372 1393">
     <span class='ocr_line' id='line_1_17' title="bbox 1165 1337 1372 1393; baseline -0.005 -1"><span class='ocrx_word' id='word_1_111' title='bbox 1165 1337 1372 1393; x_wconf 77' lang='lat' dir='ltr'><strong>Fratri.</strong></span> 
     </span>
    </p>
   </div>
   <div class='ocr_carea' id='block_1_18' title="bbox 539 1425 2056 1504">
    <p class='ocr_par' dir='ltr' id='par_1_18' title="bbox 539 1425 2056 1504">
     <span class='ocr_line' id='line_1_18' title="bbox 539 1425 2056 1504; baseline 0.005 -22"><span class='ocrx_word' id='word_1_112' title='bbox 539 1425 852 1486; x_wconf 65' lang='lat' dir='ltr'><strong>Poemenius</strong></span> <span class='ocrx_word' id='word_1_113' title='bbox 878 1431 986 1496; x_wconf 88' lang='lat' dir='ltr'><strong>hic,</strong></span> <span class='ocrx_word' id='word_1_114' title='bbox 1019 1447 1049 1486; x_wconf 90' lang='lat' dir='ltr'><strong>a</strong></span> <span class='ocrx_word' id='word_1_115' title='bbox 1092 1448 1205 1503; x_wconf 89' lang='lat' dir='ltr'><strong>quo</strong></span> <span class='ocrx_word' id='word_1_116' title='bbox 1234 1432 1335 1488; x_wconf 89' lang='lat' dir='ltr'><strong>has</strong></span> <span class='ocrx_word' id='word_1_117' title='bbox 1377 1433 1592 1489; x_wconf 89' lang='lat' dir='ltr'><strong>litteras</strong></span> <span class='ocrx_word' id='word_1_118' title='bbox 1627 1433 1884 1504; x_wconf 84' lang='lat' dir='ltr'><strong>accipies,</strong></span> <span class='ocrx_word' id='word_1_119' title='bbox 1920 1433 2056 1489; x_wconf 88' lang='lat' dir='ltr'><strong>mis-</strong></span> 
     </span>
    </p>
   </div>
   <div class='ocr_carea' id='block_1_19' title="bbox 471 1522 2058 1596">
    <p class='ocr_par' dir='ltr' id='par_1_19' title="bbox 471 1522 2058 1596">
     <span class='ocr_line' id='line_1_19' title="bbox 471 1522 2058 1596; baseline 0.003 -20"><span class='ocrx_word' id='word_1_120' title='bbox 471 1535 568 1576; x_wconf 75' lang='lat' dir='ltr'><strong>sus</strong></span> <span class='ocrx_word' id='word_1_121' title='bbox 596 1529 683 1576; x_wconf 86' lang='lat' dir='ltr'><strong>est</strong></span> <span class='ocrx_word' id='word_1_122' title='bbox 715 1522 784 1576; x_wconf 89' lang='lat' dir='ltr'><strong>ad</strong></span> <span class='ocrx_word' id='word_1_123' title='bbox 818 1539 920 1578; x_wconf 89' lang='lat' dir='ltr'><strong>nos</strong></span> <span class='ocrx_word' id='word_1_124' title='bbox 947 1525 1018 1578; x_wconf 87' lang='lat' dir='ltr'><strong>ab</strong></span> <span class='ocrx_word' id='word_1_125' title='bbox 1044 1525 1404 1589; x_wconf 80' lang='lat' dir='ltr'><strong>Artahazaco,</strong></span> <span class='ocrx_word' id='word_1_126' title='bbox 1438 1526 1532 1595; x_wconf 90' lang='lat' dir='ltr'><strong>qui</strong></span> <span class='ocrx_word' id='word_1_127' title='bbox 1568 1527 1728 1596; x_wconf 88' lang='lat' dir='ltr'><strong>paulo</strong></span> <span class='ocrx_word' id='word_1_128' title='bbox 1754 1534 1880 1582; x_wconf 89' lang='lat' dir='ltr'><strong>ante</strong></span> <span class='ocrx_word' id='word_1_129' title='bbox 1910 1526 2058 1596; x_wconf 88' lang='lat' dir='ltr'><strong>prin-</strong></span> 
     </span>
    </p>
   </div>
   <div class='ocr_carea' id='block_1_20' title="bbox 470 1612 2050 1688">
    <p class='ocr_par' dir='ltr' id='par_1_20' title="bbox 470 1612 2050 1688">
     <span class='ocr_line' id='line_1_20' title="bbox 470 1612 2050 1688; baseline 0.004 -22"><span class='ocrx_word' id='word_1_130' title='bbox 470 1612 712 1683; x_wconf 85' lang='lat' dir='ltr'><strong>cipatum</strong></span> <span class='ocrx_word' id='word_1_131' title='bbox 744 1617 940 1679; x_wconf 88' lang='lat' dir='ltr'><strong>tenuit,</strong></span> <span class='ocrx_word' id='word_1_132' title='bbox 976 1617 1243 1671; x_wconf 90' lang='lat' dir='ltr'><strong>honorum</strong></span> <span class='ocrx_word' id='word_1_133' title='bbox 1282 1617 1528 1672; x_wconf 89' lang='lat' dir='ltr'><strong>omnium</strong></span> <span class='ocrx_word' id='word_1_134' title='bbox 1563 1627 1808 1681; x_wconf 88' lang='lat' dir='ltr'><strong>curator,</strong></span> <span class='ocrx_word' id='word_1_135' title='bbox 1844 1634 1966 1688; x_wconf 82' lang='lat' dir='ltr'><strong>quae</strong></span> <span class='ocrx_word' id='word_1_136' title='bbox 1996 1619 2050 1672; x_wconf 90' lang='lat' dir='ltr'><strong>in</strong></span> 
     </span>
    </p>
   </div>
   <div class='ocr_carea' id='block_1_21' title="bbox 471 1703 2051 1774">
    <p class='ocr_par' dir='ltr' id='par_1_21' title="bbox 471 1703 2051 1774">
     <span class='ocr_line' id='line_1_21' title="bbox 471 1703 2051 1774; baseline 0.006 -19"><span class='ocrx_word' id='word_1_137' title='bbox 471 1703 557 1759; x_wconf 89' lang='lat' dir='ltr'><strong>his</strong></span> <span class='ocrx_word' id='word_1_138' title='bbox 590 1704 723 1761; x_wconf 88' lang='lat' dir='ltr'><strong>locis</strong></span> <span class='ocrx_word' id='word_1_139' title='bbox 755 1708 1074 1774; x_wconf 86' lang='lat' dir='ltr'><strong>possideret.</strong></span> <span class='ocrx_word' id='word_1_140' title='bbox 1135 1708 1243 1762; x_wconf 85' lang='lat' dir='ltr'><strong>Sed</strong></span> <span class='ocrx_word' id='word_1_141' title='bbox 1295 1707 1351 1762; x_wconf 89' lang='lat' dir='ltr'><strong>in</strong></span> <span class='ocrx_word' id='word_1_142' title='bbox 1397 1724 1463 1764; x_wconf 88' lang='lat' dir='ltr'><strong>eo</strong></span> <span class='ocrx_word' id='word_1_143' title='bbox 1521 1725 1748 1765; x_wconf 91' lang='lat' dir='ltr'><strong>munere</strong></span> <span class='ocrx_word' id='word_1_144' title='bbox 1795 1710 2051 1765; x_wconf 83' lang='lat' dir='ltr'><strong>obeundo</strong></span> 
     </span>
    </p>
   </div>
   <div class='ocr_carea' id='block_1_22' title="bbox 473 1794 2050 1870">
    <p class='ocr_par' dir='ltr' id='par_1_22' title="bbox 473 1794 2050 1870">
     <span class='ocr_line' id='line_1_22' title="bbox 473 1794 2050 1870; baseline 0.003 -23"><span class='ocrx_word' id='word_1_145' title='bbox 473 1794 870 1860; x_wconf 85' lang='lat' dir='ltr'><strong>perhumanum</strong></span> <span class='ocrx_word' id='word_1_146' title='bbox 925 1811 985 1852; x_wconf 88' lang='lat' dir='ltr'><strong>se</strong></span> <span class='ocrx_word' id='word_1_147' title='bbox 1029 1811 1094 1850; x_wconf 89' lang='lat' dir='ltr'><strong>ac</strong></span> <span class='ocrx_word' id='word_1_148' title='bbox 1145 1796 1357 1852; x_wconf 80' lang='lat' dir='ltr'><strong>facilem</strong></span> <span class='ocrx_word' id='word_1_149' title='bbox 1422 1800 1671 1867; x_wconf 67' lang='lat' dir='ltr'><strong>praebuit.</strong></span> <span class='ocrx_word' id='word_1_150' title='bbox 1725 1798 2050 1870; x_wconf 79' lang='lat' dir='ltr'><strong>Quanquam</strong></span> 
     </span>
    </p>
   </div>
   <div class='ocr_carea' id='block_1_23' title="bbox 470 1885 2049 1952">
    <p class='ocr_par' dir='ltr' id='par_1_23' title="bbox 470 1885 2049 1952">
     <span class='ocr_line' id='line_1_23' title="bbox 470 1885 2049 1952; baseline 0.007 -18"><span class='ocrx_word' id='word_1_151' title='bbox 470 1885 593 1952; x_wconf 84' lang='lat' dir='ltr'><strong>quis</strong></span> <span class='ocrx_word' id='word_1_152' title='bbox 624 1886 764 1942; x_wconf 90' lang='lat' dir='ltr'><strong>alius</strong></span> <span class='ocrx_word' id='word_1_153' title='bbox 793 1888 867 1941; x_wconf 88' lang='lat' dir='ltr'><strong>ita</strong></span> <span class='ocrx_word' id='word_1_154' title='bbox 901 1888 1195 1943; x_wconf 89' lang='lat' dir='ltr'><strong>occasione</strong></span> <span class='ocrx_word' id='word_1_155' title='bbox 1235 1890 1334 1944; x_wconf 92' lang='lat' dir='ltr'><strong>hac</strong></span> <span class='ocrx_word' id='word_1_156' title='bbox 1368 1892 1656 1945; x_wconf 87' lang='lat' dir='ltr'><strong>uteretur?</strong></span> <span class='ocrx_word' id='word_1_157' title='bbox 1688 1891 1758 1945; x_wconf 87' lang='lat' dir='ltr'><strong>At</strong></span> <span class='ocrx_word' id='word_1_158' title='bbox 1784 1891 2049 1946; x_wconf 68' lang='lat' dir='ltr'><strong>Poemenii</strong></span> 
     </span>
    </p>
   </div>
   <div class='ocr_carea' id='block_1_24' title="bbox 2668 1251 3214 1308">
    <p class='ocr_par' dir='ltr' id='par_1_24' title="bbox 2668 1251 3214 1308">
     <span class='ocr_line' id='line_1_24' title="bbox 2668 1251 3214 1308; baseline 0.007 -5"><span class='ocrx_word' id='word_1_159' title='bbox 2668 1251 3015 1306; x_wconf 82' lang='grc' dir='ltr'><strong>ΕΠΙΣΤΟΛΗ</strong></span> <span class='ocrx_word' id='word_1_160' title='bbox 3053 1253 3214 1308; x_wconf 85' lang='grc' dir='ltr'><strong>ΡΛΔ’.</strong></span> 
     </span>
    </p>
   </div>
   <div class='ocr_carea' id='block_1_25' title="bbox 2762 1341 3130 1412">
    <p class='ocr_par' dir='ltr' id='par_1_25' title="bbox 2762 1341 3130 1412">
     <span class='ocr_line' id='line_1_25' title="bbox 2762 1341 3130 1412; baseline 0.005 -14"><span class='ocrx_word' id='word_1_161' title='bbox 2762 1341 2848 1408; x_wconf 82' lang='grc' dir='ltr'><em>Τῷ</em></span> <span class='ocrx_word' id='word_1_162' title='bbox 2867 1341 3130 1412; x_wconf 75' lang='grc' dir='ltr'>ἀδελφῷ.</span> 
     </span>
    </p>
   </div>
   <div class='ocr_carea' id='block_1_26' title="bbox 2228 1425 3741 1511">
    <p class='ocr_par' dir='ltr' id='par_1_26' title="bbox 2228 1425 3741 1511">
     <span class='ocr_line' id='line_1_26' title="bbox 2228 1425 3741 1511; baseline 0.008 -30"><span class='ocrx_word' id='word_1_163' title='bbox 2228 1429 2514 1500; x_wconf 84' lang='grc' dir='ltr'>Ποιμένιος</span> <span class='ocrx_word' id='word_1_164' title='bbox 2539 1425 2694 1497; x_wconf 72' lang='grc' dir='ltr'>οὗτος</span> <span class='ocrx_word' id='word_1_165' title='bbox 2724 1433 2753 1485; x_wconf 86' lang='grc' dir='ltr'>ὁ</span> <span class='ocrx_word' id='word_1_166' title='bbox 2780 1435 2880 1505; x_wconf 87' lang='grc' dir='ltr'>τὴν</span> <span class='ocrx_word' id='word_1_167' title='bbox 2906 1437 3195 1508; x_wconf 75' lang='grc' dir='ltr'>ἐπιστολήν</span> <span class='ocrx_word' id='word_1_168' title='bbox 3225 1453 3305 1490; x_wconf 91' lang='grc' dir='ltr'><strong>σοι</strong></span> <span class='ocrx_word' id='word_1_169' title='bbox 3332 1437 3517 1500; x_wconf 79' lang='grc' dir='ltr'>διδοὺς</span> <span class='ocrx_word' id='word_1_170' title='bbox 3543 1441 3741 1511; x_wconf 73' lang='grc' dir='ltr'>ἐστάλη</span> 
     </span>
    </p>
   </div>
   <div class='ocr_carea' id='block_1_27' title="bbox 2157 1518 3742 1598">
    <p class='ocr_par' dir='ltr' id='par_1_27' title="bbox 2157 1518 3742 1598">
     <span class='ocr_line' id='line_1_27' title="bbox 2157 1518 3742 1598; baseline 0.009 -28"><span class='ocrx_word' id='word_1_171' title='bbox 2157 1518 2294 1590; x_wconf 82' lang='grc' dir='ltr'>πρὸς</span> <span class='ocrx_word' id='word_1_172' title='bbox 2319 1523 2468 1591; x_wconf 77' lang='grc' dir='ltr'>ἡμᾶς</span> <span class='ocrx_word' id='word_1_173' title='bbox 2513 1523 2619 1577; x_wconf 80' lang='grc' dir='ltr'><strong>ὑπὸ</strong></span> <span class='ocrx_word' id='word_1_174' title='bbox 2649 1525 2742 1578; x_wconf 84' lang='grc' dir='ltr'><strong>τοῦ</strong></span> <span class='ocrx_word' id='word_1_175' title='bbox 2781 1526 2963 1597; x_wconf 80' lang='grc' dir='ltr'><strong>μικρῷ</strong></span> <span class='ocrx_word' id='word_1_176' title='bbox 2991 1526 3250 1598; x_wconf 80' lang='grc' dir='ltr'>πρότερον</span> <span class='ocrx_word' id='word_1_177' title='bbox 3278 1527 3742 1595; x_wconf 65' lang='grc' dir='ltr'><strong>δυναστεύσαντας</strong></span> 
     </span>
    </p>
   </div>
   <div class='ocr_carea' id='block_1_28' title="bbox 2171 1611 3742 1686">
    <p class='ocr_par' dir='ltr' id='par_1_28' title="bbox 2171 1611 3742 1686">
     <span class='ocr_line' id='line_1_28' title="bbox 2171 1611 3742 1686; baseline 0.008 -23"><span class='ocrx_word' id='word_1_178' title='bbox 2171 1611 2599 1681; x_wconf 50' lang='grc' dir='ltr'>’Λρταόαζάκοω</span> <span class='ocrx_word' id='word_1_179' title='bbox 2633 1615 2727 1669; x_wconf 70' lang='grc' dir='ltr'><strong>ἐπὶ</strong></span> <span class='ocrx_word' id='word_1_180' title='bbox 2753 1619 2873 1681; x_wconf 82' lang='grc' dir='ltr'>ταῖς</span> <span class='ocrx_word' id='word_1_181' title='bbox 2898 1617 3108 1682; x_wconf 79' lang='grc' dir='ltr'><strong>οὐσίαις</strong></span> <span class='ocrx_word' id='word_1_182' title='bbox 3130 1619 3393 1684; x_wconf 81' lang='grc' dir='ltr'>ἀπάσαις,</span> <span class='ocrx_word' id='word_1_183' title='bbox 3423 1614 3505 1674; x_wconf 82' lang='grc' dir='ltr'>ὧν</span> <span class='ocrx_word' id='word_1_184' title='bbox 3543 1624 3606 1675; x_wconf 79' lang='grc' dir='ltr'>ἐν</span> <span class='ocrx_word' id='word_1_185' title='bbox 3634 1626 3742 1686; x_wconf 77' lang='grc' dir='ltr'>τοῖς</span> 
     </span>
    </p>
   </div>
   <div class='ocr_carea' id='block_1_29' title="bbox 2156 1694 3741 1780">
    <p class='ocr_par' dir='ltr' id='par_1_29' title="bbox 2156 1694 3741 1780">
     <span class='ocr_line' id='line_1_29' title="bbox 2156 1694 3741 1780; baseline 0.006 -26"><span class='ocrx_word' id='word_1_186' title='bbox 2156 1701 2282 1771; x_wconf 78' lang='grc' dir='ltr'>τῇδε</span> <span class='ocrx_word' id='word_1_187' title='bbox 2340 1703 2527 1769; x_wconf 84' lang='grc' dir='ltr'><strong>τόποις</strong></span> <span class='ocrx_word' id='word_1_188' title='bbox 2587 1694 2825 1775; x_wconf 81' lang='grc' dir='ltr'>ἐγεγόνει</span> <span class='ocrx_word' id='word_1_189' title='bbox 2891 1708 3098 1780; x_wconf 86' lang='grc' dir='ltr'>κύριος.</span> <span class='ocrx_word' id='word_1_190' title='bbox 3159 1709 3297 1763; x_wconf 84' lang='grc' dir='ltr'>Ἀλλ’</span> <span class='ocrx_word' id='word_1_191' title='bbox 3364 1715 3424 1764; x_wconf 87' lang='grc' dir='ltr'>ὲν</span> <span class='ocrx_word' id='word_1_192' title='bbox 3481 1713 3741 1766; x_wconf 76' lang='grc' dir='ltr'><strong>ὑποθέσει</strong></span> 
     </span>
    </p>
   </div>
   <div class='ocr_carea' id='block_1_30' title="bbox 2153 1793 3742 1873">
    <p class='ocr_par' dir='ltr' id='par_1_30' title="bbox 2153 1793 3742 1873">
     <span class='ocr_line' id='line_1_30' title="bbox 2153 1793 3742 1873; baseline 0.009 -31"><span class='ocrx_word' id='word_1_193' title='bbox 2153 1793 2379 1866; x_wconf 80' lang='grc' dir='ltr'>τοιαύτῃ</span> <span class='ocrx_word' id='word_1_194' title='bbox 2407 1797 2579 1866; x_wconf 76' lang='grc' dir='ltr'>πρᾷον</span> <span class='ocrx_word' id='word_1_195' title='bbox 2612 1797 2802 1853; x_wconf 79' lang='grc' dir='ltr'>ἑαυτὸν</span> <span class='ocrx_word' id='word_1_196' title='bbox 2829 1800 3074 1871; x_wconf 82' lang='grc' dir='ltr'><strong>παρέσχε</strong></span> <span class='ocrx_word' id='word_1_197' title='bbox 3098 1802 3190 1854; x_wconf 77' lang='grc' dir='ltr'>καὶ</span> <span class='ocrx_word' id='word_1_198' title='bbox 3212 1802 3615 1873; x_wconf 84' lang='grc' dir='ltr'>μετριώτατον.</span> <span class='ocrx_word' id='word_1_199' title='bbox 3639 1806 3742 1856; x_wconf 72' lang='grc' dir='ltr'>Καί</span> 
     </span>
    </p>
   </div>
   <div class='ocr_carea' id='block_1_31' title="bbox 2155 1884 3738 1965">
    <p class='ocr_par' dir='ltr' id='par_1_31' title="bbox 2155 1884 3738 1965">
     <span class='ocr_line' id='line_1_31' title="bbox 2155 1884 3738 1965; baseline 0.008 -31"><span class='ocrx_word' id='word_1_200' title='bbox 2155 1898 2236 1935; x_wconf 84' lang='grc' dir='ltr'><strong>τοι</strong></span> <span class='ocrx_word' id='word_1_201' title='bbox 2266 1884 2349 1947; x_wconf 89' lang='grc' dir='ltr'><strong>τίς</strong></span> <span class='ocrx_word' id='word_1_202' title='bbox 2371 1885 2555 1953; x_wconf 72' lang='grc' dir='ltr'>ἕτερος</span> <span class='ocrx_word' id='word_1_203' title='bbox 2585 1887 2756 1952; x_wconf 76' lang='grc' dir='ltr'>οὕτως</span> <span class='ocrx_word' id='word_1_204' title='bbox 2785 1891 3053 1961; x_wconf 79' lang='grc' dir='ltr'>ἐχρήσατο</span> <span class='ocrx_word' id='word_1_205' title='bbox 3079 1891 3156 1961; x_wconf 84' lang='grc' dir='ltr'>τῷ</span> <span class='ocrx_word' id='word_1_206' title='bbox 3188 1893 3400 1964; x_wconf 78' lang='grc' dir='ltr'>καιρῷς</span> <span class='ocrx_word' id='word_1_207' title='bbox 3441 1896 3738 1965; x_wconf 70' lang='grc' dir='ltr'>Ποιμενὲῖ.)</span> 
     </span>
    </p>
   </div>
   <div class='ocr_carea' id='block_1_32' title="bbox 472 1963 2044 2053">
    <p class='ocr_par' dir='ltr' id='par_1_32' title="bbox 472 1978 2044 2052">
     <span class='ocr_line' id='line_1_32' title="bbox 472 1978 2044 2052; baseline 0.004 -22"><span class='ocrx_word' id='word_1_208' title='bbox 472 1984 712 2046; x_wconf 88' lang='lat' dir='ltr'><strong>potestas</strong></span> <span class='ocrx_word' id='word_1_209' title='bbox 757 1979 959 2033; x_wconf 88' lang='lat' dir='ltr'><strong>nemini</strong></span> <span class='ocrx_word' id='word_1_210' title='bbox 1005 1978 1238 2050; x_wconf 87' lang='lat' dir='ltr'><strong>Lihyum</strong></span> <span class='ocrx_word' id='word_1_211' title='bbox 1293 1982 1476 2052; x_wconf 73' lang='lat' dir='ltr'><strong>gravis</strong></span> <span class='ocrx_word' id='word_1_212' title='bbox 1525 1990 1580 2035; x_wconf 89' lang='lat' dir='ltr'><strong>et</strong></span> <span class='ocrx_word' id='word_1_213' title='bbox 1631 1996 1863 2038; x_wconf 73' lang='lat' dir='ltr'><strong>cinerosa</strong></span> <span class='ocrx_word' id='word_1_214' title='bbox 1923 1981 2044 2036; x_wconf 81' lang='lat' dir='ltr'><strong>fuit.</strong></span> 
     </span>
    </p>
   </div>
   <div class='ocr_carea' id='block_1_33' title="bbox 2154 1963 3742 2053">
    <p class='ocr_par' dir='ltr' id='par_1_33' title="bbox 2154 1963 3742 2053">
     <span class='ocr_line' id='line_1_33' title="bbox 2154 1963 3742 2053; baseline 0.009 -30"><span class='ocrx_word' id='word_1_215' title='bbox 2154 1971 2207 2025; x_wconf 84' lang='grc' dir='ltr'>δὲ</span> <span class='ocrx_word' id='word_1_216' title='bbox 2232 1975 2406 2039; x_wconf 72' lang='grc' dir='ltr'>οὐδεὶς</span> <span class='ocrx_word' id='word_1_217' title='bbox 2427 1977 2642 2031; x_wconf 80' lang='grc' dir='ltr'>Λιϐύων</span> <span class='ocrx_word' id='word_1_218' title='bbox 2675 1979 2774 2049; x_wconf 87' lang='grc' dir='ltr'>τὴν</span> <span class='ocrx_word' id='word_1_219' title='bbox 2803 1980 2923 2034; x_wconf 81' lang='grc' dir='ltr'>τότε</span> <span class='ocrx_word' id='word_1_220' title='bbox 2970 1981 3195 2052; x_wconf 86' lang='grc' dir='ltr'>δύναμιν</span> <span class='ocrx_word' id='word_1_221' title='bbox 3224 1963 3742 2053; x_wconf 47' lang='grc' dir='ltr'>ἐϐαρύνετοξΜέτα</span> 
     </span>
    </p>
   </div>
   <div class='ocr_carea' id='block_1_34' title="bbox 467 2069 2052 2143">
    <p class='ocr_par' dir='ltr' id='par_1_34' title="bbox 467 2069 2052 2143">
     <span class='ocr_line' id='line_1_34' title="bbox 467 2069 2052 2143; baseline 0.004 -21"><span class='ocrx_word' id='word_1_222' title='bbox 467 2069 642 2138; x_wconf 82' lang='lat' dir='ltr'><strong>Cujus</strong></span> <span class='ocrx_word' id='word_1_223' title='bbox 668 2069 742 2124; x_wconf 87' lang='lat' dir='ltr'><strong>rei</strong></span> <span class='ocrx_word' id='word_1_224' title='bbox 775 2086 881 2124; x_wconf 89' lang='lat' dir='ltr'><strong>non</strong></span> <span class='ocrx_word' id='word_1_225' title='bbox 928 2070 1044 2126; x_wconf 87' lang='lat' dir='ltr'><strong>leve</strong></span> <span class='ocrx_word' id='word_1_226' title='bbox 1072 2070 1177 2125; x_wconf 90' lang='lat' dir='ltr'><strong>hoc</strong></span> <span class='ocrx_word' id='word_1_227' title='bbox 1203 2081 1584 2143; x_wconf 76' lang='lat' dir='ltr'><strong>argumentum</strong></span> <span class='ocrx_word' id='word_1_228' title='bbox 1623 2082 1728 2135; x_wconf 88' lang='lat' dir='ltr'><strong>est,</strong></span> <span class='ocrx_word' id='word_1_229' title='bbox 1759 2074 1904 2143; x_wconf 88' lang='lat' dir='ltr'><strong>quod</strong></span> <span class='ocrx_word' id='word_1_230' title='bbox 1934 2089 2052 2128; x_wconf 89' lang='lat' dir='ltr'><strong>ma-</strong></span> 
     </span>
    </p>
   </div>
   <div class='ocr_carea' id='block_1_35' title="bbox 468 2159 2052 2228">
    <p class='ocr_par' dir='ltr' id='par_1_35' title="bbox 468 2159 2052 2228">
     <span class='ocr_line' id='line_1_35' title="bbox 468 2159 2052 2228; baseline 0.003 -16"><span class='ocrx_word' id='word_1_231' title='bbox 468 2175 576 2228; x_wconf 78' lang='lat' dir='ltr'><strong>gno</strong></span> <span class='ocrx_word' id='word_1_232' title='bbox 625 2160 910 2215; x_wconf 85' lang='lat' dir='ltr'><strong>civitatum</strong></span> <span class='ocrx_word' id='word_1_233' title='bbox 967 2159 1212 2214; x_wconf 89' lang='lat' dir='ltr'><strong>omnium</strong></span> <span class='ocrx_word' id='word_1_234' title='bbox 1279 2176 1517 2216; x_wconf 71' lang='lat' dir='ltr'><strong>maerore</strong></span> <span class='ocrx_word' id='word_1_235' title='bbox 1569 2161 1818 2216; x_wconf 88' lang='lat' dir='ltr'><strong>discedit.</strong></span> <span class='ocrx_word' id='word_1_236' title='bbox 1875 2163 1942 2216; x_wconf 88' lang='lat' dir='ltr'><strong>At</strong></span> <span class='ocrx_word' id='word_1_237' title='bbox 1991 2172 2052 2217; x_wconf 92' lang='lat' dir='ltr'><strong>tu</strong></span> 
     </span>
    </p>
   </div>
   <div class='ocr_carea' id='block_1_36' title="bbox 469 2250 2052 2324">
    <p class='ocr_par' dir='ltr' id='par_1_36' title="bbox 469 2250 2052 2324">
     <span class='ocr_line' id='line_1_36' title="bbox 469 2250 2052 2324; baseline 0.003 -21"><span class='ocrx_word' id='word_1_238' title='bbox 469 2250 747 2306; x_wconf 88' lang='lat' dir='ltr'><strong>hominem</strong></span> <span class='ocrx_word' id='word_1_239' title='bbox 777 2251 972 2316; x_wconf 87' lang='lat' dir='ltr'><strong>amice,</strong></span> <span class='ocrx_word' id='word_1_240' title='bbox 1015 2258 1178 2321; x_wconf 80' lang='lat' dir='ltr'><strong>atque</strong></span> <span class='ocrx_word' id='word_1_241' title='bbox 1213 2252 1290 2306; x_wconf 92' lang='lat' dir='ltr'><strong>uti</strong></span> <span class='ocrx_word' id='word_1_242' title='bbox 1335 2268 1436 2322; x_wconf 86' lang='lat' dir='ltr'><strong>par</strong></span> <span class='ocrx_word' id='word_1_243' title='bbox 1477 2260 1595 2316; x_wconf 87' lang='lat' dir='ltr'><strong>est,</strong></span> <span class='ocrx_word' id='word_1_244' title='bbox 1629 2253 1920 2324; x_wconf 86' lang='lat' dir='ltr'><strong>probitatis</strong></span> <span class='ocrx_word' id='word_1_245' title='bbox 1952 2269 2052 2308; x_wconf 86' lang='lat' dir='ltr'><strong>no-</strong></span> 
     </span>
    </p>
   </div>
   <div class='ocr_carea' id='block_1_37' title="bbox 468 2343 978 2400">
    <p class='ocr_par' dir='ltr' id='par_1_37' title="bbox 468 2343 978 2400">
     <span class='ocr_line' id='line_1_37' title="bbox 468 2343 978 2400; baseline 0.002 -3"><span class='ocrx_word' id='word_1_246' title='bbox 468 2343 615 2400; x_wconf 86' lang='lat' dir='ltr'><strong>mine</strong></span> <span class='ocrx_word' id='word_1_247' title='bbox 643 2343 978 2399; x_wconf 88' lang='lat' dir='ltr'><strong>collaudato.</strong></span> 
     </span>
    </p>
   </div>
   <div class='ocr_carea' id='block_1_38' title="bbox 822 2433 1690 2506">
    <p class='ocr_par' dir='ltr' id='par_1_38' title="bbox 822 2433 1690 2506">
     <span class='ocr_line' id='line_1_38' title="bbox 822 2433 1690 2506; baseline -0.005 -12"><span class='ocrx_word' id='word_1_248' title='bbox 822 2435 986 2506; x_wconf 74' lang='lat'><strong>272</strong></span> <span class='ocrx_word' id='word_1_249' title='bbox 1044 2434 1383 2490; x_wconf 82' lang='lat' dir='ltr'><strong>EPISTOLA</strong></span> <span class='ocrx_word' id='word_1_250' title='bbox 1424 2433 1690 2492; x_wconf 73' lang='lat' dir='ltr'><strong>CXXXV.</strong></span> 
     </span>
    </p>
   </div>
   <div class='ocr_carea' id='block_1_39' title="bbox 1151 2525 1360 2580">
    <p class='ocr_par' dir='ltr' id='par_1_39' title="bbox 1151 2525 1360 2580">
     <span class='ocr_line' id='line_1_39' title="bbox 1151 2525 1360 2580; baseline 0 0"><span class='ocrx_word' id='word_1_251' title='bbox 1151 2525 1360 2580; x_wconf 84' lang='lat' dir='ltr'><strong>Eidem.</strong></span> 
     </span>
    </p>
   </div>
   <div class='ocr_carea' id='block_1_40' title="bbox 535 2615 2051 2687">
    <p class='ocr_par' dir='ltr' id='par_1_40' title="bbox 535 2615 2051 2687">
     <span class='ocr_line' id='line_1_40' title="bbox 535 2615 2051 2687; baseline 0.002 -16"><span class='ocrx_word' id='word_1_252' title='bbox 535 2615 796 2672; x_wconf 79' lang='lat' dir='ltr'><strong>Fructum</strong></span> <span class='ocrx_word' id='word_1_253' title='bbox 845 2632 910 2672; x_wconf 82' lang='lat' dir='ltr'><strong>ex</strong></span> <span class='ocrx_word' id='word_1_254' title='bbox 956 2617 1186 2672; x_wconf 87' lang='lat' dir='ltr'><strong>Athenis</strong></span> <span class='ocrx_word' id='word_1_255' title='bbox 1231 2627 1720 2687; x_wconf 85' lang='lat' dir='ltr'><strong>quantumcunque</strong></span> <span class='ocrx_word' id='word_1_256' title='bbox 1766 2619 1921 2685; x_wconf 89' lang='lat' dir='ltr'><strong>velis,</strong></span> <span class='ocrx_word' id='word_1_257' title='bbox 1961 2636 2051 2674; x_wconf 84' lang='lat' dir='ltr'><strong>ca-</strong></span> 
     </span>
    </p>
   </div>
   <div class='ocr_carea' id='block_1_41' title="bbox 443 2691 2049 2786">
    <p class='ocr_par' dir='ltr' id='par_1_41' title="bbox 443 2691 2049 2786">
     <span class='ocr_line' id='line_1_41' title="bbox 443 2691 2049 2786; baseline 0.001 -25"><span class='ocrx_word' id='word_1_258' title='bbox 443 2710 610 2786; x_wconf 36' lang='lat' dir='ltr'><strong>.piam</strong></span> <span class='ocrx_word' id='word_1_259' title='bbox 643 2725 657 2762; x_wconf 90' lang='lat'><strong>:</strong></span> <span class='ocrx_word' id='word_1_260' title='bbox 683 2709 820 2763; x_wconf 88' lang='lat' dir='ltr'><strong>adeo</strong></span> <span class='ocrx_word' id='word_1_261' title='bbox 861 2708 992 2761; x_wconf 88' lang='lat' dir='ltr'><strong>mihi</strong></span> <span class='ocrx_word' id='word_1_262' title='bbox 1023 2708 1211 2762; x_wconf 85' lang='lat' dir='ltr'><strong>videor</strong></span> <span class='ocrx_word' id='word_1_263' title='bbox 1233 2691 1414 2777; x_wconf 71' lang='lat' dir='ltr'><strong>palnio</strong></span> <span class='ocrx_word' id='word_1_264' title='bbox 1443 2723 1553 2762; x_wconf 89' lang='lat' dir='ltr'><strong>uno</strong></span> <span class='ocrx_word' id='word_1_265' title='bbox 1583 2723 1646 2761; x_wconf 89' lang='lat' dir='ltr'><strong>ac</strong></span> <span class='ocrx_word' id='word_1_266' title='bbox 1674 2709 1842 2778; x_wconf 80' lang='lat' dir='ltr'><strong>digito</strong></span> <span class='ocrx_word' id='word_1_267' title='bbox 1876 2709 2049 2764; x_wconf 80' lang='lat' dir='ltr'><strong>factus</strong></span> 
     </span>
    </p>
   </div>
   <div class='ocr_carea' id='block_1_42' title="bbox 465 2797 2047 2856">
    <p class='ocr_par' dir='ltr' id='par_1_42' title="bbox 465 2797 2047 2856">
     <span class='ocr_line' id='line_1_42' title="bbox 465 2797 2047 2856; baseline 0.001 -4"><span class='ocrx_word' id='word_1_268' title='bbox 465 2800 696 2855; x_wconf 86' lang='lat' dir='ltr'><strong>doctior.</strong></span> <span class='ocrx_word' id='word_1_269' title='bbox 730 2798 880 2853; x_wconf 89' lang='lat' dir='ltr'><strong>Licet</strong></span> <span class='ocrx_word' id='word_1_270' title='bbox 911 2807 1090 2853; x_wconf 89' lang='lat' dir='ltr'><strong>autem</strong></span> <span class='ocrx_word' id='word_1_271' title='bbox 1129 2797 1365 2852; x_wconf 85' lang='lat' dir='ltr'><strong>subinde</strong></span> <span class='ocrx_word' id='word_1_272' title='bbox 1416 2799 1513 2853; x_wconf 90' lang='lat' dir='ltr'><strong>tibi</strong></span> <span class='ocrx_word' id='word_1_273' title='bbox 1543 2798 1740 2853; x_wconf 75' lang='lat' dir='ltr'><strong>divina:</strong></span> <span class='ocrx_word' id='word_1_274' title='bbox 1775 2800 1922 2853; x_wconf 90' lang='lat' dir='ltr'><strong>illius</strong></span> <span class='ocrx_word' id='word_1_275' title='bbox 1956 2815 2047 2856; x_wconf 83' lang='lat' dir='ltr'><strong>sa-</strong></span> 
     </span>
    </p>
   </div>
   <div class='ocr_carea' id='block_1_43' title="bbox 469 2888 2049 2963">
    <p class='ocr_par' dir='ltr' id='par_1_43' title="bbox 469 2888 2049 2963">
     <span class='ocr_line' id='line_1_43' title="bbox 469 2888 2049 2963; baseline 0 -19"><span class='ocrx_word' id='word_1_276' title='bbox 469 2891 685 2959; x_wconf 73' lang='lat' dir='ltr'><strong>pientia:</strong></span> <span class='ocrx_word' id='word_1_277' title='bbox 729 2889 1036 2960; x_wconf 85' lang='lat' dir='ltr'><strong>periculum</strong></span> <span class='ocrx_word' id='word_1_278' title='bbox 1084 2889 1284 2945; x_wconf 79' lang='lat' dir='ltr'><strong>facere.</strong></span> <span class='ocrx_word' id='word_1_279' title='bbox 1341 2888 1479 2944; x_wconf 88' lang='lat' dir='ltr'><strong>Ecce</strong></span> <span class='ocrx_word' id='word_1_280' title='bbox 1523 2891 1668 2946; x_wconf 80' lang='lat' dir='ltr'><strong>enim</strong></span> <span class='ocrx_word' id='word_1_281' title='bbox 1719 2907 1785 2946; x_wconf 84' lang='lat' dir='ltr'><strong>ex</strong></span> <span class='ocrx_word' id='word_1_282' title='bbox 1834 2894 2049 2963; x_wconf 78' lang='lat' dir='ltr'><strong>Anagy-</strong></span> 
     </span>
    </p>
   </div>
   <div class='ocr_carea' id='block_1_44' title="bbox 468 2979 2043 3052">
    <p class='ocr_par' dir='ltr' id='par_1_44' title="bbox 468 2979 2043 3052">
     <span class='ocr_line' id='line_1_44' title="bbox 468 2979 2043 3052; baseline 0.003 -18"><span class='ocrx_word' id='word_1_283' title='bbox 468 2988 626 3036; x_wconf 69' lang='lat' dir='ltr'><strong>ruite</strong></span> <span class='ocrx_word' id='word_1_284' title='bbox 656 2981 723 3035; x_wconf 90' lang='lat' dir='ltr'><strong>ad</strong></span> <span class='ocrx_word' id='word_1_285' title='bbox 745 2989 798 3035; x_wconf 93' lang='lat' dir='ltr'><strong>te</strong></span> <span class='ocrx_word' id='word_1_286' title='bbox 831 2981 1031 3046; x_wconf 90' lang='lat' dir='ltr'><strong>scribo,</strong></span> <span class='ocrx_word' id='word_1_287' title='bbox 1057 2989 1112 3035; x_wconf 90' lang='lat' dir='ltr'><strong>et</strong></span> <span class='ocrx_word' id='word_1_288' title='bbox 1143 2979 1428 3050; x_wconf 89' lang='lat' dir='ltr'><strong>Sphettum</strong></span> <span class='ocrx_word' id='word_1_289' title='bbox 1454 2981 1588 3044; x_wconf 91' lang='lat' dir='ltr'><strong>obii,</strong></span> <span class='ocrx_word' id='word_1_290' title='bbox 1611 2990 1773 3052; x_wconf 85' lang='lat' dir='ltr'><strong>atque</strong></span> <span class='ocrx_word' id='word_1_291' title='bbox 1794 2982 2043 3049; x_wconf 89' lang='lat' dir='ltr'><strong>Thrium,</strong></span> 
     </span>
    </p>
   </div>
   <div class='ocr_carea' id='block_1_45' title="bbox 466 3070 2048 3145">
    <p class='ocr_par' dir='ltr' id='par_1_45' title="bbox 466 3070 2048 3145">
     <span class='ocr_line' id='line_1_45' title="bbox 466 3070 2048 3145; baseline 0.003 -21"><span class='ocrx_word' id='word_1_292' title='bbox 466 3079 519 3125; x_wconf 84' lang='lat' dir='ltr'><strong>et</strong></span> <span class='ocrx_word' id='word_1_293' title='bbox 561 3070 890 3140; x_wconf 89' lang='lat' dir='ltr'><strong>Cephesum,</strong></span> <span class='ocrx_word' id='word_1_294' title='bbox 941 3086 1007 3125; x_wconf 90' lang='lat' dir='ltr'><strong>ac</strong></span> <span class='ocrx_word' id='word_1_295' title='bbox 1055 3071 1366 3126; x_wconf 89' lang='lat' dir='ltr'><strong>Phalerum.</strong></span> <span class='ocrx_word' id='word_1_296' title='bbox 1424 3070 1494 3126; x_wconf 87' lang='lat' dir='ltr'><strong>Ut</strong></span> <span class='ocrx_word' id='word_1_297' title='bbox 1530 3073 1621 3127; x_wconf 90' lang='lat' dir='ltr'><strong>ille</strong></span> <span class='ocrx_word' id='word_1_298' title='bbox 1672 3073 1814 3128; x_wconf 89' lang='lat' dir='ltr'><strong>male</strong></span> <span class='ocrx_word' id='word_1_299' title='bbox 1863 3081 2048 3145; x_wconf 84' lang='lat' dir='ltr'><strong>pereat</strong></span> 
     </span>
    </p>
   </div>
   <div class='ocr_carea' id='block_1_46' title="bbox 467 3155 2045 3228">
    <p class='ocr_par' dir='ltr' id='par_1_46' title="bbox 467 3155 2045 3228">
     <span class='ocr_line' id='line_1_46' title="bbox 467 3155 2045 3228; baseline 0.001 -18"><span class='ocrx_word' id='word_1_300' title='bbox 467 3157 654 3212; x_wconf 76' lang='lat' dir='ltr'><strong>infelix</strong></span> <span class='ocrx_word' id='word_1_301' title='bbox 684 3159 1000 3221; x_wconf 87' lang='lat' dir='ltr'><strong>nauclerus,</strong></span> <span class='ocrx_word' id='word_1_302' title='bbox 1036 3158 1130 3228; x_wconf 90' lang='lat' dir='ltr'><strong>qui</strong></span> <span class='ocrx_word' id='word_1_303' title='bbox 1161 3173 1248 3212; x_wconf 87' lang='lat' dir='ltr'><strong>me</strong></span> <span class='ocrx_word' id='word_1_304' title='bbox 1290 3157 1397 3211; x_wconf 89' lang='lat' dir='ltr'><strong>huc</strong></span> <span class='ocrx_word' id='word_1_305' title='bbox 1444 3155 1696 3213; x_wconf 82' lang='lat' dir='ltr'><strong>advexit:</strong></span> <span class='ocrx_word' id='word_1_306' title='bbox 1737 3159 1872 3212; x_wconf 89' lang='lat' dir='ltr'><strong>nihil</strong></span> <span class='ocrx_word' id='word_1_307' title='bbox 1899 3159 2045 3213; x_wconf 91' lang='lat' dir='ltr'><strong>enim</strong></span> 
     </span>
    </p>
   </div>
   <div class='ocr_carea' id='block_1_47' title="bbox 463 3246 2044 3318">
    <p class='ocr_par' dir='ltr' id='par_1_47' title="bbox 463 3246 2044 3318">
     <span class='ocr_line' id='line_1_47' title="bbox 463 3246 2044 3318; baseline 0.002 -19"><span class='ocrx_word' id='word_1_308' title='bbox 463 3246 573 3316; x_wconf 70' lang='lat' dir='ltr'><strong>iam</strong></span> <span class='ocrx_word' id='word_1_309' title='bbox 607 3247 829 3301; x_wconf 75' lang='lat' dir='ltr'><strong>Athena:</strong></span> <span class='ocrx_word' id='word_1_310' title='bbox 849 3246 1196 3317; x_wconf 87' lang='lat' dir='ltr'><strong>splendidum</strong></span> <span class='ocrx_word' id='word_1_311' title='bbox 1222 3247 1444 3311; x_wconf 88' lang='lat' dir='ltr'><strong>habent,</strong></span> <span class='ocrx_word' id='word_1_312' title='bbox 1466 3254 1662 3318; x_wconf 63' lang='lat' dir='ltr'><strong>printer</strong></span> <span class='ocrx_word' id='word_1_313' title='bbox 1694 3247 2044 3302; x_wconf 88' lang='lat' dir='ltr'><strong>celeberrima</strong></span> 
     </span>
    </p>
   </div>
   <div class='ocr_carea' id='block_1_48' title="bbox 467 3313 2119 3408">
    <p class='ocr_par' dir='ltr' id='par_1_48' title="bbox 467 3313 2119 3408">
     <span class='ocr_line' id='line_1_48' title="bbox 467 3313 2119 3408; baseline 0.001 -17"><span class='ocrx_word' id='word_1_314' title='bbox 467 3341 710 3393; x_wconf 83' lang='lat' dir='ltr'><strong>locorum</strong></span> <span class='ocrx_word' id='word_1_315' title='bbox 769 3339 1011 3393; x_wconf 90' lang='lat' dir='ltr'><strong>nomina.</strong></span> <span class='ocrx_word' id='word_1_316' title='bbox 1059 3339 1138 3392; x_wconf 88' lang='lat' dir='ltr'><strong>Ac</strong></span> <span class='ocrx_word' id='word_1_317' title='bbox 1187 3338 1335 3392; x_wconf 87' lang='lat' dir='ltr'><strong>velut</strong></span> <span class='ocrx_word' id='word_1_318' title='bbox 1388 3354 1455 3393; x_wconf 84' lang='lat' dir='ltr'><strong>ex</strong></span> <span class='ocrx_word' id='word_1_319' title='bbox 1507 3337 1683 3393; x_wconf 77' lang='lat' dir='ltr'><strong>hostia</strong></span> <span class='ocrx_word' id='word_1_320' title='bbox 1723 3347 2043 3408; x_wconf 77' lang='lat' dir='ltr'><strong>consumpta</strong></span> <span class='ocrx_word' id='word_1_321' title='bbox 2075 3313 2119 3372; x_wconf 62' lang='grc' dir='ltr'><strong>δ</strong></span> 
     </span>
    </p>
   </div>
   <div class='ocr_carea' id='block_1_49' title="bbox 467 3419 2048 3500">
    <p class='ocr_par' dir='ltr' id='par_1_49' title="bbox 467 3419 2048 3500">
     <span class='ocr_line' id='line_1_49' title="bbox 467 3419 2048 3500; baseline 0 -15"><span class='ocrx_word' id='word_1_322' title='bbox 467 3431 582 3485; x_wconf 79' lang='lat' dir='ltr'><strong>sola</strong></span> <span class='ocrx_word' id='word_1_323' title='bbox 615 3419 770 3499; x_wconf 86' lang='lat' dir='ltr'><strong>pellis</strong></span> <span class='ocrx_word' id='word_1_324' title='bbox 800 3437 1072 3500; x_wconf 86' lang='lat' dir='ltr'><strong>superest,</strong></span> <span class='ocrx_word' id='word_1_325' title='bbox 1104 3429 1382 3494; x_wconf 89' lang='lat' dir='ltr'><strong>animalis,</strong></span> <span class='ocrx_word' id='word_1_326' title='bbox 1407 3430 1551 3500; x_wconf 88' lang='lat' dir='ltr'><strong>quod</strong></span> <span class='ocrx_word' id='word_1_327' title='bbox 1586 3431 1718 3484; x_wconf 92' lang='lat' dir='ltr'><strong>olim</strong></span> <span class='ocrx_word' id='word_1_328' title='bbox 1756 3429 2048 3500; x_wconf 88' lang='lat' dir='ltr'><strong>aliquando</strong></span> 
     </span>
    </p>
   </div>
   <div class='ocr_carea' id='block_1_50' title="bbox 467 3520 2044 3592">
    <p class='ocr_par' dir='ltr' id='par_1_50' title="bbox 467 3520 2044 3592">
     <span class='ocr_line' id='line_1_50' title="bbox 467 3520 2044 3592; baseline -0.002 -16"><span class='ocrx_word' id='word_1_329' title='bbox 467 3523 664 3586; x_wconf 76' lang='lat' dir='ltr'><strong>fuerat,</strong></span> <span class='ocrx_word' id='word_1_330' title='bbox 710 3521 974 3591; x_wconf 85' lang='lat' dir='ltr'><strong>indicium</strong></span> <span class='ocrx_word' id='word_1_331' title='bbox 1016 3540 1028 3575; x_wconf 92' lang='lat'><strong>:</strong></span> <span class='ocrx_word' id='word_1_332' title='bbox 1069 3521 1151 3577; x_wconf 90' lang='lat' dir='ltr'><strong>sic</strong></span> <span class='ocrx_word' id='word_1_333' title='bbox 1195 3520 1322 3576; x_wconf 92' lang='lat' dir='ltr'><strong>inde</strong></span> <span class='ocrx_word' id='word_1_334' title='bbox 1367 3523 1632 3575; x_wconf 86' lang='lat' dir='ltr'><strong>translata</strong></span> <span class='ocrx_word' id='word_1_335' title='bbox 1675 3521 2044 3592; x_wconf 79' lang='lat' dir='ltr'><strong>plu&#39;l050phia,</strong></span> 
     </span>
    </p>
   </div>
   <div class='ocr_carea' id='block_1_51' title="bbox 467 3610 2044 3682">
    <p class='ocr_par' dir='ltr' id='par_1_51' title="bbox 467 3610 2044 3682">
     <span class='ocr_line' id='line_1_51' title="bbox 467 3610 2044 3682; baseline 0 -16"><span class='ocrx_word' id='word_1_336' title='bbox 467 3620 638 3668; x_wconf 86' lang='lat' dir='ltr'><strong>restat</strong></span> <span class='ocrx_word' id='word_1_337' title='bbox 663 3621 722 3666; x_wconf 90' lang='lat' dir='ltr'><strong>ut</strong></span> <span class='ocrx_word' id='word_1_338' title='bbox 747 3611 1052 3668; x_wconf 88' lang='lat' dir='ltr'><strong>oberrando</strong></span> <span class='ocrx_word' id='word_1_339' title='bbox 1075 3611 1423 3666; x_wconf 84' lang='lat' dir='ltr'><strong>Academiam</strong></span> <span class='ocrx_word' id='word_1_340' title='bbox 1451 3627 1516 3666; x_wconf 89' lang='lat' dir='ltr'><strong>ac</strong></span> <span class='ocrx_word' id='word_1_341' title='bbox 1541 3610 1777 3682; x_wconf 88' lang='lat' dir='ltr'><strong>Lyceum</strong></span> <span class='ocrx_word' id='word_1_342' title='bbox 1801 3612 2044 3667; x_wconf 89' lang='lat' dir='ltr'><strong>mireris:</strong></span> 
     </span>
    </p>
   </div>
   <div class='ocr_carea' id='block_1_52' title="bbox 467 3701 2049 3773">
    <p class='ocr_par' dir='ltr' id='par_1_52' title="bbox 467 3701 2049 3773">
     <span class='ocr_line' id='line_1_52' title="bbox 467 3701 2049 3773; baseline 0.001 -19"><span class='ocrx_word' id='word_1_343' title='bbox 467 3710 631 3772; x_wconf 88' lang='lat' dir='ltr'><strong>atque</strong></span> <span class='ocrx_word' id='word_1_344' title='bbox 676 3701 836 3757; x_wconf 88' lang='lat' dir='ltr'><strong>etiam</strong></span> <span class='ocrx_word' id='word_1_345' title='bbox 887 3701 1091 3754; x_wconf 87' lang='lat' dir='ltr'><strong>variam</strong></span> <span class='ocrx_word' id='word_1_346' title='bbox 1136 3701 1285 3753; x_wconf 91' lang='lat' dir='ltr'><strong>illam</strong></span> <span class='ocrx_word' id='word_1_347' title='bbox 1337 3703 1626 3770; x_wconf 89' lang='lat' dir='ltr'><strong>porticum,</strong></span> <span class='ocrx_word' id='word_1_348' title='bbox 1660 3715 1690 3753; x_wconf 91' lang='lat' dir='ltr'><strong>a</strong></span> <span class='ocrx_word' id='word_1_349' title='bbox 1736 3717 1842 3770; x_wconf 90' lang='lat' dir='ltr'><strong>qua</strong></span> <span class='ocrx_word' id='word_1_350' title='bbox 1877 3701 2049 3773; x_wconf 84' lang='lat' dir='ltr'><strong>Chry-</strong></span> 
     </span>
    </p>
   </div>
   <div class='ocr_carea' id='block_1_53' title="bbox 467 3791 2048 3862">
    <p class='ocr_par' dir='ltr' id='par_1_53' title="bbox 467 3791 2048 3862">
     <span class='ocr_line' id='line_1_53' title="bbox 467 3791 2048 3862; baseline 0 -15"><span class='ocrx_word' id='word_1_351' title='bbox 467 3793 606 3862; x_wconf 83' lang='lat' dir='ltr'><strong>sippi</strong></span> <span class='ocrx_word' id='word_1_352' title='bbox 659 3802 806 3847; x_wconf 88' lang='lat' dir='ltr'><strong>secta</strong></span> <span class='ocrx_word' id='word_1_353' title='bbox 852 3807 1052 3846; x_wconf 82' lang='lat' dir='ltr'><strong>nomen</strong></span> <span class='ocrx_word' id='word_1_354' title='bbox 1102 3792 1346 3861; x_wconf 89' lang='lat' dir='ltr'><strong>accepit;</strong></span> <span class='ocrx_word' id='word_1_355' title='bbox 1391 3805 1512 3860; x_wconf 71' lang='lat' dir='ltr'><strong>qua:</strong></span> <span class='ocrx_word' id='word_1_356' title='bbox 1563 3791 1782 3859; x_wconf 90' lang='lat' dir='ltr'><strong>quidem</strong></span> <span class='ocrx_word' id='word_1_357' title='bbox 1825 3791 2048 3847; x_wconf 90' lang='lat' dir='ltr'><strong>minime</strong></span> 
     </span>
    </p>
   </div>
   <div class='ocr_carea' id='block_1_54' title="bbox 467 3882 2046 3953">
    <p class='ocr_par' dir='ltr' id='par_1_54' title="bbox 467 3882 2046 3953">
     <span class='ocr_line' id='line_1_54' title="bbox 467 3882 2046 3953; baseline -0.001 -14"><span class='ocrx_word' id='word_1_358' title='bbox 467 3900 614 3940; x_wconf 82' lang='lat' dir='ltr'><strong>nunc</strong></span> <span class='ocrx_word' id='word_1_359' title='bbox 646 3885 793 3938; x_wconf 88' lang='lat' dir='ltr'><strong>varia</strong></span> <span class='ocrx_word' id='word_1_360' title='bbox 820 3893 922 3940; x_wconf 90' lang='lat' dir='ltr'><strong>est.</strong></span> <span class='ocrx_word' id='word_1_361' title='bbox 954 3882 1088 3936; x_wconf 86' lang='lat' dir='ltr'><strong>Nam</strong></span> <span class='ocrx_word' id='word_1_362' title='bbox 1120 3883 1415 3953; x_wconf 88' lang='lat' dir='ltr'><strong>proconsul</strong></span> <span class='ocrx_word' id='word_1_363' title='bbox 1443 3883 1682 3938; x_wconf 89' lang='lat' dir='ltr'><strong>tabulata</strong></span> <span class='ocrx_word' id='word_1_364' title='bbox 1714 3883 1957 3950; x_wconf 89' lang='lat' dir='ltr'><strong>sustulit,</strong></span> <span class='ocrx_word' id='word_1_365' title='bbox 1991 3883 2046 3937; x_wconf 92' lang='lat' dir='ltr'><strong>in</strong></span> 
     </span>
    </p>
   </div>
   <div class='ocr_carea' id='block_1_55' title="bbox 466 3971 2048 4046">
    <p class='ocr_par' dir='ltr' id='par_1_55' title="bbox 466 3971 2048 4046">
     <span class='ocr_line' id='line_1_55' title="bbox 466 3971 2048 4046; baseline -0.002 -17"><span class='ocrx_word' id='word_1_366' title='bbox 466 3990 586 4046; x_wconf 68' lang='lat' dir='ltr'><strong>qua:</strong></span> <span class='ocrx_word' id='word_1_367' title='bbox 619 3982 793 4029; x_wconf 86' lang='lat' dir='ltr'><strong>artem</strong></span> <span class='ocrx_word' id='word_1_368' title='bbox 831 3989 1045 4028; x_wconf 89' lang='lat' dir='ltr'><strong>omnem</strong></span> <span class='ocrx_word' id='word_1_369' title='bbox 1088 3988 1243 4028; x_wconf 88' lang='lat' dir='ltr'><strong>suam</strong></span> <span class='ocrx_word' id='word_1_370' title='bbox 1275 3971 1605 4044; x_wconf 77' lang='lat' dir='ltr'><strong>Polygnotus</strong></span> <span class='ocrx_word' id='word_1_371' title='bbox 1639 3972 1874 4029; x_wconf 87' lang='lat' dir='ltr'><strong>Thasius</strong></span> <span class='ocrx_word' id='word_1_372' title='bbox 1915 3987 2048 4027; x_wconf 89' lang='lat' dir='ltr'><strong>con-</strong></span> 
     </span>
    </p>
   </div>
   <div class='ocr_carea' id='block_1_56' title="bbox 466 4063 2048 4134">
    <p class='ocr_par' dir='ltr' id='par_1_56' title="bbox 466 4063 2048 4134">
     <span class='ocr_line' id='line_1_56' title="bbox 466 4063 2048 4134; baseline 0 -15"><span class='ocrx_word' id='word_1_373' title='bbox 466 4067 686 4121; x_wconf 89' lang='lat' dir='ltr'><strong>tulerat.</strong></span> <span class='ocrx_word' id='word_1_374' title='bbox 711 4063 866 4118; x_wconf 83' lang='lat' dir='ltr'><strong>Nunc</strong></span> <span class='ocrx_word' id='word_1_375' title='bbox 895 4066 1077 4134; x_wconf 88' lang='lat' dir='ltr'><strong>itaque</strong></span> <span class='ocrx_word' id='word_1_376' title='bbox 1107 4071 1294 4118; x_wconf 87' lang='lat' dir='ltr'><strong>nostra</strong></span> <span class='ocrx_word' id='word_1_377' title='bbox 1327 4071 1487 4118; x_wconf 65' lang='lat' dir='ltr'><strong>astate</strong></span> <span class='ocrx_word' id='word_1_378' title='bbox 1510 4064 1607 4118; x_wconf 88' lang='lat' dir='ltr'><strong>alit</strong></span> <span class='ocrx_word' id='word_1_379' title='bbox 1635 4063 1904 4134; x_wconf 67' lang='lat' dir='ltr'><strong>Egyptus</strong></span> <span class='ocrx_word' id='word_1_380' title='bbox 1927 4079 2048 4134; x_wconf 66' lang='lat' dir='ltr'><strong>quae</strong></span> 
     </span>
    </p>
   </div>
   <div class='ocr_carea' id='block_1_57' title="bbox 466 4155 2048 4225">
    <p class='ocr_par' dir='ltr' id='par_1_57' title="bbox 466 4155 2048 4225">
     <span class='ocr_line' id='line_1_57' title="bbox 466 4155 2048 4225; baseline -0.001 -14"><span class='ocrx_word' id='word_1_381' title='bbox 466 4157 534 4211; x_wconf 89' lang='lat' dir='ltr'><strong>ab</strong></span> <span class='ocrx_word' id='word_1_382' title='bbox 557 4155 783 4225; x_wconf 80' lang='lat' dir='ltr'><strong>llypatia</strong></span> <span class='ocrx_word' id='word_1_383' title='bbox 809 4155 1086 4223; x_wconf 82' lang='lat' dir='ltr'><strong>sapientiae</strong></span> <span class='ocrx_word' id='word_1_384' title='bbox 1117 4155 1326 4209; x_wconf 88' lang='lat' dir='ltr'><strong>semina</strong></span> <span class='ocrx_word' id='word_1_385' title='bbox 1354 4155 1631 4223; x_wconf 85' lang='lat' dir='ltr'><strong>suscepit;</strong></span> <span class='ocrx_word' id='word_1_386' title='bbox 1663 4155 1887 4210; x_wconf 54' lang='lat' dir='ltr'><strong>Athenae</strong></span> <span class='ocrx_word' id='word_1_387' title='bbox 1917 4171 2048 4210; x_wconf 89' lang='lat' dir='ltr'><strong>vero</strong></span> 
     </span>
    </p>
   </div>
   <div class='ocr_carea' id='block_1_58' title="bbox 464 4244 2047 4317">
    <p class='ocr_par' dir='ltr' id='par_1_58' title="bbox 464 4244 2047 4317">
     <span class='ocr_line' id='line_1_58' title="bbox 464 4244 2047 4317; baseline -0.002 -16"><span class='ocrx_word' id='word_1_388' title='bbox 464 4247 736 4317; x_wconf 88' lang='lat' dir='ltr'><strong>quondam</strong></span> <span class='ocrx_word' id='word_1_389' title='bbox 772 4246 965 4299; x_wconf 87' lang='lat' dir='ltr'><strong>civitas</strong></span> <span class='ocrx_word' id='word_1_390' title='bbox 995 4245 1115 4310; x_wconf 80' lang='lat' dir='ltr'><strong>fuit,</strong></span> <span class='ocrx_word' id='word_1_391' title='bbox 1155 4244 1459 4313; x_wconf 89' lang='lat' dir='ltr'><strong>sapientum</strong></span> <span class='ocrx_word' id='word_1_392' title='bbox 1487 4244 1820 4300; x_wconf 91' lang='lat' dir='ltr'><strong>domicilium</strong></span> <span class='ocrx_word' id='word_1_393' title='bbox 1853 4264 1864 4298; x_wconf 96' lang='lat'>:</span> <span class='ocrx_word' id='word_1_394' title='bbox 1901 4260 2047 4299; x_wconf 92' lang='lat' dir='ltr'><strong>nunc</strong></span> 
     </span>
    </p>
   </div>
   <div class='ocr_carea' id='block_1_59' title="bbox 464 4334 2045 4406">
    <p class='ocr_par' dir='ltr' id='par_1_59' title="bbox 464 4334 2045 4406">
     <span class='ocr_line' id='line_1_59' title="bbox 464 4334 2045 4406; baseline -0.003 -12"><span class='ocrx_word' id='word_1_395' title='bbox 464 4353 583 4394; x_wconf 83' lang='lat' dir='ltr'><strong>eam</strong></span> <span class='ocrx_word' id='word_1_396' title='bbox 619 4337 928 4392; x_wconf 83' lang='lat' dir='ltr'><strong>mellatores</strong></span> <span class='ocrx_word' id='word_1_397' title='bbox 956 4337 1252 4390; x_wconf 88' lang='lat' dir='ltr'><strong>celebrant.</strong></span> <span class='ocrx_word' id='word_1_398' title='bbox 1287 4334 1496 4401; x_wconf 82' lang='lat' dir='ltr'><strong>Quibus</strong></span> <span class='ocrx_word' id='word_1_399' title='bbox 1528 4351 1626 4405; x_wconf 89' lang='lat' dir='ltr'><strong>par</strong></span> <span class='ocrx_word' id='word_1_400' title='bbox 1657 4336 1791 4390; x_wconf 92' lang='lat' dir='ltr'><strong>illud</strong></span> <span class='ocrx_word' id='word_1_401' title='bbox 1826 4337 2045 4406; x_wconf 89' lang='lat' dir='ltr'><strong>sapien-</strong></span> 
     </span>
    </p>
   </div>
   <div class='ocr_carea' id='block_1_60' title="bbox 464 4425 2043 4496">
    <p class='ocr_par' dir='ltr' id='par_1_60' title="bbox 464 4425 2043 4496">
     <span class='ocr_line' id='line_1_60' title="bbox 464 4425 2043 4496; baseline -0.001 -15"><span class='ocrx_word' id='word_1_402' title='bbox 464 4435 578 4482; x_wconf 91' lang='lat' dir='ltr'><strong>tum</strong></span> <span class='ocrx_word' id='word_1_403' title='bbox 639 4425 1088 4482; x_wconf 86' lang='lat' dir='ltr'><strong>Plutarcheorum</strong></span> <span class='ocrx_word' id='word_1_404' title='bbox 1143 4425 1374 4495; x_wconf 85' lang='lat' dir='ltr'><strong>adjice;</strong></span> <span class='ocrx_word' id='word_1_405' title='bbox 1437 4427 1531 4496; x_wconf 92' lang='lat' dir='ltr'><strong>qui</strong></span> <span class='ocrx_word' id='word_1_406' title='bbox 1570 4441 1679 4481; x_wconf 91' lang='lat' dir='ltr'><strong>non</strong></span> <span class='ocrx_word' id='word_1_407' title='bbox 1735 4427 2043 4482; x_wconf 89' lang='lat' dir='ltr'><strong>orationum</strong></span> 
     </span>
    </p>
   </div>
   <div class='ocr_carea' id='block_1_61' title="bbox 465 4517 2043 4588">
    <p class='ocr_par' dir='ltr' id='par_1_61' title="bbox 465 4517 2043 4588">
     <span class='ocr_line' id='line_1_61' title="bbox 465 4517 2043 4588; baseline -0.001 -14"><span class='ocrx_word' id='word_1_408' title='bbox 465 4532 687 4574; x_wconf 85' lang='lat' dir='ltr'><strong>suarum</strong></span> <span class='ocrx_word' id='word_1_409' title='bbox 721 4517 862 4572; x_wconf 79' lang='lat' dir='ltr'><strong>fama</strong></span> <span class='ocrx_word' id='word_1_410' title='bbox 902 4517 1132 4588; x_wconf 88' lang='lat' dir='ltr'><strong>juvenes</strong></span> <span class='ocrx_word' id='word_1_411' title='bbox 1170 4517 1223 4570; x_wconf 93' lang='lat' dir='ltr'><strong>in</strong></span> <span class='ocrx_word' id='word_1_412' title='bbox 1259 4518 1490 4573; x_wconf 90' lang='lat' dir='ltr'><strong>theatris</strong></span> <span class='ocrx_word' id='word_1_413' title='bbox 1522 4526 1892 4588; x_wconf 77' lang='lat' dir='ltr'><strong>congregant,</strong></span> <span class='ocrx_word' id='word_1_414' title='bbox 1947 4518 2043 4574; x_wconf 89' lang='lat' dir='ltr'><strong>sed</strong></span> 
     </span>
    </p>
   </div>
   <div class='ocr_carea' id='block_1_62' title="bbox 464 4605 1344 4679">
    <p class='ocr_par' dir='ltr' id='par_1_62' title="bbox 464 4605 1344 4679">
     <span class='ocr_line' id='line_1_62' title="bbox 464 4605 1344 4679; baseline 0.001 -16"><span class='ocrx_word' id='word_1_415' title='bbox 464 4607 640 4663; x_wconf 85' lang='lat' dir='ltr'><strong>mellis</strong></span> <span class='ocrx_word' id='word_1_416' title='bbox 665 4622 734 4664; x_wconf 76' lang='lat' dir='ltr'><strong>ex</strong></span> <span class='ocrx_word' id='word_1_417' title='bbox 761 4605 1012 4679; x_wconf 81' lang='lat' dir='ltr'><strong>Hymetto</strong></span> <span class='ocrx_word' id='word_1_418' title='bbox 1045 4606 1344 4678; x_wconf 89' lang='lat' dir='ltr'><strong>amphoris.</strong></span> 
     </span>
    </p>
   </div>
   <div class='ocr_carea' id='block_1_63' title="bbox 2158 2066 3740 2145">
    <p class='ocr_par' dir='ltr' id='par_1_63' title="bbox 2158 2066 3740 2145">
     <span class='ocr_line' id='line_1_63' title="bbox 2158 2066 3740 2145; baseline 0.006 -29"><span class='ocrx_word' id='word_1_419' title='bbox 2158 2066 2456 2136; x_wconf 75' lang='grc' dir='ltr'>τεκμήριον</span> <span class='ocrx_word' id='word_1_420' title='bbox 2481 2084 2492 2096; x_wconf 94' lang='grc'><strong>·</strong></span> <span class='ocrx_word' id='word_1_421' title='bbox 2518 2067 2681 2122; x_wconf 79' lang='grc' dir='ltr'>λυπεῖ</span> <span class='ocrx_word' id='word_1_422' title='bbox 2693 2069 2792 2132; x_wconf 87' lang='grc' dir='ltr'>τὰς</span> <span class='ocrx_word' id='word_1_423' title='bbox 2812 2071 2996 2135; x_wconf 83' lang='grc' dir='ltr'>πόλεις</span> <span class='ocrx_word' id='word_1_424' title='bbox 3011 2073 3326 2145; x_wconf 82' lang='grc' dir='ltr'>ἀναχωρῶν.</span> <span class='ocrx_word' id='word_1_425' title='bbox 3351 2074 3426 2126; x_wconf 85' lang='grc' dir='ltr'>Σὺ</span> <span class='ocrx_word' id='word_1_426' title='bbox 3446 2074 3509 2126; x_wconf 83' lang='grc' dir='ltr'><strong>δέ</strong></span> <span class='ocrx_word' id='word_1_427' title='bbox 3533 2092 3625 2144; x_wconf 85' lang='grc' dir='ltr'><strong>μοι</strong></span> <span class='ocrx_word' id='word_1_428' title='bbox 3651 2075 3740 2127; x_wconf 70' lang='grc' dir='ltr'>τὸν</span> 
     </span>
    </p>
   </div>
   <div class='ocr_carea' id='block_1_64' title="bbox 2157 2157 3737 2242">
    <p class='ocr_par' dir='ltr' id='par_1_64' title="bbox 2157 2157 3737 2242">
     <span class='ocr_line' id='line_1_64' title="bbox 2157 2157 3737 2242; baseline 0.006 -32"><span class='ocrx_word' id='word_1_429' title='bbox 2157 2157 2324 2228; x_wconf 78' lang='grc' dir='ltr'>ἄνδρα</span> <span class='ocrx_word' id='word_1_430' title='bbox 2356 2158 2566 2226; x_wconf 79' lang='grc' dir='ltr'><strong>φιλίως,</strong></span> <span class='ocrx_word' id='word_1_431' title='bbox 2602 2162 2696 2242; x_wconf 70' lang='grc' dir='ltr'>καὶ</span> <span class='ocrx_word' id='word_1_432' title='bbox 2727 2161 2912 2234; x_wconf 86' lang='grc' dir='ltr'>ὥσπερ</span> <span class='ocrx_word' id='word_1_433' title='bbox 2943 2164 3106 2230; x_wconf 76' lang='grc' dir='ltr'>εἰκὸς,</span> <span class='ocrx_word' id='word_1_434' title='bbox 3134 2164 3420 2218; x_wconf 75' lang='grc' dir='ltr'>ἐπαίνεσον</span> <span class='ocrx_word' id='word_1_435' title='bbox 3445 2165 3546 2218; x_wconf 72' lang='grc' dir='ltr'>ἐπὶ</span> <span class='ocrx_word' id='word_1_436' title='bbox 3580 2166 3737 2219; x_wconf 83' lang='grc' dir='ltr'>καλο-</span> 
     </span>
    </p>
   </div>
   <div class='ocr_carea' id='block_1_65' title="bbox 2159 2248 2418 2321">
    <p class='ocr_par' dir='ltr' id='par_1_65' title="bbox 2159 2248 2418 2321">
     <span class='ocr_line' id='line_1_65' title="bbox 2159 2248 2418 2321; baseline 0.008 -20"><span class='ocrx_word' id='word_1_437' title='bbox 2159 2248 2418 2321; x_wconf 72' lang='grc' dir='ltr'>καγαθίᾳ.</span> 
     </span>
    </p>
   </div>
   <div class='ocr_carea' id='block_1_66' title="bbox 2668 2429 3216 2483">
    <p class='ocr_par' dir='ltr' id='par_1_66' title="bbox 2668 2429 3216 2483">
     <span class='ocr_line' id='line_1_66' title="bbox 2668 2429 3216 2483; baseline 0 -1"><span class='ocrx_word' id='word_1_438' title='bbox 2668 2429 3012 2483; x_wconf 79' lang='grc' dir='ltr'><strong>ΕΠΙΣΤΟΛΗ</strong></span> <span class='ocrx_word' id='word_1_439' title='bbox 3050 2431 3216 2482; x_wconf 79' lang='grc' dir='ltr'><strong>ΡΛΕ¹.</strong></span> 
     </span>
    </p>
   </div>
   <div class='ocr_carea' id='block_1_67' title="bbox 2808 2518 3093 2585">
    <p class='ocr_par' dir='ltr' id='par_1_67' title="bbox 2808 2518 3093 2585">
     <span class='ocr_line' id='line_1_67' title="bbox 2808 2518 3093 2585; baseline 0.007 -11"><span class='ocrx_word' id='word_1_440' title='bbox 2808 2518 2890 2584; x_wconf 83' lang='grc' dir='ltr'><strong>Τῷ</strong></span> <span class='ocrx_word' id='word_1_441' title='bbox 2914 2519 3093 2585; x_wconf 84' lang='grc' dir='ltr'><strong>αὐτῷ.</strong></span> 
     </span>
    </p>
   </div>
   <div class='ocr_carea' id='block_1_68' title="bbox 2255 2610 3737 2683">
    <p class='ocr_par' dir='ltr' id='par_1_68' title="bbox 2255 2610 3737 2683">
     <span class='ocr_line' id='line_1_68' title="bbox 2255 2610 3737 2683; baseline 0.003 -21"><span class='ocrx_word' id='word_1_442' title='bbox 2255 2611 2499 2683; x_wconf 86' lang='grc' dir='ltr'>Οναίμην</span> <span class='ocrx_word' id='word_1_443' title='bbox 2525 2610 2635 2664; x_wconf 84' lang='grc' dir='ltr'><strong>τῶν</strong></span> <span class='ocrx_word' id='word_1_444' title='bbox 2674 2611 2914 2680; x_wconf 82' lang='grc' dir='ltr'>Ἀθηνῶν</span> <span class='ocrx_word' id='word_1_445' title='bbox 2945 2612 3079 2683; x_wconf 74' lang='grc'><strong>(75),</strong></span> <span class='ocrx_word' id='word_1_446' title='bbox 3124 2612 3297 2666; x_wconf 83' lang='grc' dir='ltr'><strong>ὁπόσα</strong></span> <span class='ocrx_word' id='word_1_447' title='bbox 3337 2613 3518 2683; x_wconf 79' lang='grc' dir='ltr'><strong>βούλει</strong></span> <span class='ocrx_word' id='word_1_448' title='bbox 3544 2632 3558 2644; x_wconf 89' lang='grc'>·</span> <span class='ocrx_word' id='word_1_449' title='bbox 3595 2614 3737 2667; x_wconf 68' lang='grc' dir='ltr'>ὥστε</span> 
     </span>
    </p>
   </div>
   <div class='ocr_carea' id='block_1_69' title="bbox 2159 2699 3737 2772">
    <p class='ocr_par' dir='ltr' id='par_1_69' title="bbox 2159 2699 3737 2772">
     <span class='ocr_line' id='line_1_69' title="bbox 2159 2699 3737 2772; baseline 0.005 -21"><span class='ocrx_word' id='word_1_450' title='bbox 2159 2717 2248 2771; x_wconf 88' lang='grc' dir='ltr'><strong>μοι</strong></span> <span class='ocrx_word' id='word_1_451' title='bbox 2275 2700 2414 2753; x_wconf 88' lang='grc' dir='ltr'>δοκῶ</span> <span class='ocrx_word' id='word_1_452' title='bbox 2440 2700 2594 2753; x_wconf 85' lang='grc' dir='ltr'>πλεῖν</span> <span class='ocrx_word' id='word_1_453' title='bbox 2637 2699 2671 2771; x_wconf 80' lang='grc' dir='ltr'>ἢ</span> <span class='ocrx_word' id='word_1_454' title='bbox 2717 2700 3009 2772; x_wconf 80' lang='grc' dir='ltr'>παλαιστῇ,</span> <span class='ocrx_word' id='word_1_455' title='bbox 3043 2702 3136 2756; x_wconf 78' lang='grc' dir='ltr'><strong>καὶ</strong></span> <span class='ocrx_word' id='word_1_456' title='bbox 3168 2702 3419 2772; x_wconf 84' lang='grc' dir='ltr'><strong>δακτύλῳ</strong></span> <span class='ocrx_word' id='word_1_457' title='bbox 3450 2707 3737 2772; x_wconf 81' lang='grc' dir='ltr'>γεγονέναι</span> 
     </span>
    </p>
   </div>
   <div class='ocr_carea' id='block_1_70' title="bbox 2157 2790 3737 2864">
    <p class='ocr_par' dir='ltr' id='par_1_70' title="bbox 2157 2790 3737 2864">
     <span class='ocr_line' id='line_1_70' title="bbox 2157 2790 3737 2864; baseline 0.004 -22"><span class='ocrx_word' id='word_1_458' title='bbox 2157 2790 2478 2861; x_wconf 79' lang='grc' dir='ltr'>σοφώτερος.</span> <span class='ocrx_word' id='word_1_459' title='bbox 2518 2792 2734 2858; x_wconf 80' lang='grc' dir='ltr'>Ἔξεστι</span> <span class='ocrx_word' id='word_1_460' title='bbox 2763 2792 2820 2844; x_wconf 85' lang='grc' dir='ltr'>δὲ</span> <span class='ocrx_word' id='word_1_461' title='bbox 2845 2793 2940 2846; x_wconf 82' lang='grc' dir='ltr'>καὶ</span> <span class='ocrx_word' id='word_1_462' title='bbox 2984 2793 3204 2846; x_wconf 83' lang='grc' dir='ltr'>αὐτόθεν</span> <span class='ocrx_word' id='word_1_463' title='bbox 3231 2794 3330 2862; x_wconf 81' lang='grc' dir='ltr'><strong>τῆς</strong></span> <span class='ocrx_word' id='word_1_464' title='bbox 3362 2794 3517 2858; x_wconf 85' lang='grc' dir='ltr'>θείας</span> <span class='ocrx_word' id='word_1_465' title='bbox 3545 2799 3737 2864; x_wconf 75' lang='grc' dir='ltr'>σοφίας</span> 
     </span>
    </p>
   </div>
   <div class='ocr_carea' id='block_1_71' title="bbox 2154 2884 3737 2959">
    <p class='ocr_par' dir='ltr' id='par_1_71' title="bbox 2154 2884 3737 2959">
     <span class='ocr_line' id='line_1_71' title="bbox 2154 2884 3737 2959; baseline 0.003 -25"><span class='ocrx_word' id='word_1_466' title='bbox 2154 2884 2348 2953; x_wconf 80' lang='grc' dir='ltr'>πεῖράν</span> <span class='ocrx_word' id='word_1_467' title='bbox 2371 2885 2451 2936; x_wconf 88' lang='grc' dir='ltr'><strong>σοί</strong></span> <span class='ocrx_word' id='word_1_468' title='bbox 2481 2901 2604 2939; x_wconf 88' lang='grc' dir='ltr'>τινα</span> <span class='ocrx_word' id='word_1_469' title='bbox 2632 2887 2953 2955; x_wconf 84' lang='grc' dir='ltr'>παρασχεῖν.</span> <span class='ocrx_word' id='word_1_470' title='bbox 2987 2885 3199 2955; x_wconf 82' lang='grc' dir='ltr'>Ἀμέλει</span> <span class='ocrx_word' id='word_1_471' title='bbox 3230 2885 3336 2958; x_wconf 72' lang='grc' dir='ltr'><strong>γὰρ</strong></span> <span class='ocrx_word' id='word_1_472' title='bbox 3371 2887 3737 2959; x_wconf 80' lang='grc' dir='ltr'>Ἀναγυρούν-</span> 
     </span>
    </p>
   </div>
   <div class='ocr_carea' id='block_1_72' title="bbox 2152 2977 3732 3051">
    <p class='ocr_par' dir='ltr' id='par_1_72' title="bbox 2152 2977 3732 3051">
     <span class='ocr_line' id='line_1_72' title="bbox 2152 2977 3732 3051; baseline 0.003 -23"><span class='ocrx_word' id='word_1_473' title='bbox 2152 2977 2306 3029; x_wconf 83' lang='grc' dir='ltr'>τοοέν</span> <span class='ocrx_word' id='word_1_474' title='bbox 2341 2993 2422 3029; x_wconf 89' lang='grc' dir='ltr'><strong>σοι</strong></span> <span class='ocrx_word' id='word_1_475' title='bbox 2444 2977 2641 3048; x_wconf 82' lang='grc' dir='ltr'>γράφω</span> <span class='ocrx_word' id='word_1_476' title='bbox 2666 2992 2679 3004; x_wconf 81' lang='grc'><strong><em>⁸</em></strong></span> <span class='ocrx_word' id='word_1_477' title='bbox 2719 2977 2813 3030; x_wconf 79' lang='grc' dir='ltr'>καὶ</span> <span class='ocrx_word' id='word_1_478' title='bbox 2840 2979 3074 3048; x_wconf 79' lang='grc' dir='ltr'><strong>Σφηττοῖ</strong></span> <span class='ocrx_word' id='word_1_479' title='bbox 3099 2977 3319 3046; x_wconf 85' lang='grc' dir='ltr'>γέγονα,</span> <span class='ocrx_word' id='word_1_480' title='bbox 3354 2979 3452 3032; x_wconf 76' lang='grc' dir='ltr'>καὶ</span> <span class='ocrx_word' id='word_1_481' title='bbox 3498 2981 3732 3051; x_wconf 52' lang='lat' dir='ltr'><strong>apum,</strong></span> 
     </span>
    </p>
   </div>
   <div class='ocr_carea' id='block_1_73' title="bbox 2154 3067 3734 3140">
    <p class='ocr_par' dir='ltr' id='par_1_73' title="bbox 2154 3067 3734 3140">
     <span class='ocr_line' id='line_1_73' title="bbox 2154 3067 3734 3140; baseline 0.002 -22"><span class='ocrx_word' id='word_1_482' title='bbox 2154 3067 2250 3119; x_wconf 74' lang='grc' dir='ltr'>καὶ</span> <span class='ocrx_word' id='word_1_483' title='bbox 2298 3067 2621 3138; x_wconf 82' lang='grc' dir='ltr'>Κηφισιάσι,</span> <span class='ocrx_word' id='word_1_484' title='bbox 2665 3067 2761 3122; x_wconf 74' lang='grc' dir='ltr'><strong>καὶ</strong></span> <span class='ocrx_word' id='word_1_485' title='bbox 2805 3067 3060 3140; x_wconf 82' lang='grc' dir='ltr'>Φαληροῖ.</span> <span class='ocrx_word' id='word_1_486' title='bbox 3115 3069 3226 3120; x_wconf 70' lang='grc' dir='ltr'><strong>Καὶ</strong></span> <span class='ocrx_word' id='word_1_487' title='bbox 3275 3069 3450 3132; x_wconf 76' lang='grc' dir='ltr'>κακὸς</span> <span class='ocrx_word' id='word_1_488' title='bbox 3483 3069 3734 3133; x_wconf 75' lang='grc' dir='ltr'>κακῶςέ</span> 
     </span>
    </p>
   </div>
   <div class='ocr_carea' id='block_1_74' title="bbox 2151 3156 3740 3230">
    <p class='ocr_par' dir='ltr' id='par_1_74' title="bbox 2151 3156 3740 3230">
     <span class='ocr_line' id='line_1_74' title="bbox 2151 3156 3740 3230; baseline 0.004 -22"><span class='ocrx_word' id='word_1_489' title='bbox 2151 3156 2309 3227; x_wconf 84' lang='grc' dir='ltr'>δεῦρό</span> <span class='ocrx_word' id='word_1_490' title='bbox 2364 3175 2432 3228; x_wconf 91' lang='grc' dir='ltr'><strong>με</strong></span> <span class='ocrx_word' id='word_1_491' title='bbox 2475 3159 2710 3228; x_wconf 85' lang='grc' dir='ltr'>κομίσας</span> <span class='ocrx_word' id='word_1_492' title='bbox 2751 3159 3004 3212; x_wconf 81' lang='grc' dir='ltr'>ἀπόλοιτο</span> <span class='ocrx_word' id='word_1_493' title='bbox 3058 3158 3405 3230; x_wconf 79' lang='grc' dir='ltr'>ναύκληρος·</span> <span class='ocrx_word' id='word_1_494' title='bbox 3452 3160 3534 3223; x_wconf 83' lang='grc' dir='ltr'><strong>ὡς</strong></span> <span class='ocrx_word' id='word_1_495' title='bbox 3587 3160 3740 3215; x_wconf 60' lang='grc' dir='ltr'>οὐδὲν</span> 
     </span>
    </p>
   </div>
   <div class='ocr_carea' id='block_1_75' title="bbox 2153 3247 3743 3321">
    <p class='ocr_par' dir='ltr' id='par_1_75' title="bbox 2153 3247 3743 3321">
     <span class='ocr_line' id='line_1_75' title="bbox 2153 3247 3743 3321; baseline 0.003 -22"><span class='ocrx_word' id='word_1_496' title='bbox 2153 3247 2365 3318; x_wconf 73' lang='grc' dir='ltr'>ἔχουσιν</span> <span class='ocrx_word' id='word_1_497' title='bbox 2393 3251 2448 3302; x_wconf 85' lang='grc' dir='ltr'><strong>αἱ</strong></span> <span class='ocrx_word' id='word_1_498' title='bbox 2479 3248 2574 3303; x_wconf 86' lang='grc' dir='ltr'><strong>νῦν</strong></span> <span class='ocrx_word' id='word_1_499' title='bbox 2619 3248 2834 3320; x_wconf 83' lang='grc' dir='ltr'>Ἀθῆναι</span> <span class='ocrx_word' id='word_1_500' title='bbox 2863 3249 3077 3320; x_wconf 76' lang='grc' dir='ltr'>σεμνὸν,</span> <span class='ocrx_word' id='word_1_501' title='bbox 3103 3249 3216 3303; x_wconf 83' lang='grc' dir='ltr'>ἀλλ’</span> <span class='ocrx_word' id='word_1_502' title='bbox 3241 3251 3274 3321; x_wconf 83' lang='grc' dir='ltr'>ἦ</span> <span class='ocrx_word' id='word_1_503' title='bbox 3304 3250 3378 3304; x_wconf 77' lang='grc' dir='ltr'><strong>τὰ</strong></span> <span class='ocrx_word' id='word_1_504' title='bbox 3402 3251 3597 3305; x_wconf 72' lang='grc' dir='ltr'>κλεινὰ</span> <span class='ocrx_word' id='word_1_505' title='bbox 3633 3253 3743 3306; x_wconf 68' lang='grc' dir='ltr'><strong>τῶν</strong></span> 
     </span>
    </p>
   </div>
   <div class='ocr_carea' id='block_1_76' title="bbox 2149 3343 3742 3416">
    <p class='ocr_par' dir='ltr' id='par_1_76' title="bbox 2149 3343 3742 3416">
     <span class='ocr_line' id='line_1_76' title="bbox 2149 3343 3742 3416; baseline 0.001 -20"><span class='ocrx_word' id='word_1_506' title='bbox 2149 3343 2366 3415; x_wconf 84' lang='grc' dir='ltr'>χωρίων</span> <span class='ocrx_word' id='word_1_507' title='bbox 2404 3345 2662 3413; x_wconf 85' lang='grc' dir='ltr'>ὀνόματα.</span> <span class='ocrx_word' id='word_1_508' title='bbox 2709 3345 2820 3399; x_wconf 77' lang='grc' dir='ltr'><strong>Καὶ</strong></span> <span class='ocrx_word' id='word_1_509' title='bbox 2865 3343 3116 3414; x_wconf 85' lang='grc' dir='ltr'>καθάπερ</span> <span class='ocrx_word' id='word_1_510' title='bbox 3166 3344 3364 3416; x_wconf 78' lang='grc' dir='ltr'>ἱερείου</span> <span class='ocrx_word' id='word_1_511' title='bbox 3426 3344 3742 3415; x_wconf 55' lang='grc' dir='ltr'>διαππρα-</span> 
     </span>
    </p>
   </div>
   <div class='ocr_carea' id='block_1_77' title="bbox 2148 3435 3739 3508">
    <p class='ocr_par' dir='ltr' id='par_1_77' title="bbox 2148 3435 3739 3508">
     <span class='ocr_line' id='line_1_77' title="bbox 2148 3435 3739 3508; baseline -0.001 -19"><span class='ocrx_word' id='word_1_512' title='bbox 2148 3436 2350 3506; x_wconf 88' lang='grc' dir='ltr'>γμένου</span> <span class='ocrx_word' id='word_1_513' title='bbox 2381 3437 2442 3490; x_wconf 69' lang='grc' dir='ltr'><strong>τὸ</strong></span> <span class='ocrx_word' id='word_1_514' title='bbox 2469 3437 2645 3508; x_wconf 87' lang='grc' dir='ltr'>δέρμα</span> <span class='ocrx_word' id='word_1_515' title='bbox 2662 3437 2926 3499; x_wconf 88' lang='grc' dir='ltr'>λείπεται,</span> <span class='ocrx_word' id='word_1_516' title='bbox 2960 3436 3250 3507; x_wconf 83' lang='grc' dir='ltr'>γνώρισμα</span> <span class='ocrx_word' id='word_1_517' title='bbox 3272 3435 3368 3490; x_wconf 72' lang='grc' dir='ltr'>,τοῦ</span> <span class='ocrx_word' id='word_1_518' title='bbox 3397 3438 3578 3490; x_wconf 75' lang='grc' dir='ltr'>πάλαι</span> <span class='ocrx_word' id='word_1_519' title='bbox 3609 3437 3739 3490; x_wconf 79' lang='grc' dir='ltr'>ποτὲ</span> 
     </span>
    </p>
   </div>
   <div class='ocr_carea' id='block_1_78' title="bbox 2149 3525 3736 3598">
    <p class='ocr_par' dir='ltr' id='par_1_78' title="bbox 2149 3525 3736 3598">
     <span class='ocr_line' id='line_1_78' title="bbox 2149 3525 3736 3598; baseline 0 -19"><span class='ocrx_word' id='word_1_520' title='bbox 2149 3525 2289 3590; x_wconf 75' lang='grc' dir='ltr'>ζώου</span> <span class='ocrx_word' id='word_1_521' title='bbox 2317 3545 2329 3558; x_wconf 88' lang='grc'><strong>·</strong></span> <span class='ocrx_word' id='word_1_522' title='bbox 2378 3528 2550 3592; x_wconf 75' lang='grc' dir='ltr'>οὕτως</span> <span class='ocrx_word' id='word_1_523' title='bbox 2591 3527 2799 3582; x_wconf 77' lang='grc' dir='ltr'>ἐνθένδε</span> <span class='ocrx_word' id='word_1_524' title='bbox 2839 3527 3154 3598; x_wconf 76' lang='grc' dir='ltr'>φιλοσοφίας</span> <span class='ocrx_word' id='word_1_525' title='bbox 3183 3528 3591 3598; x_wconf 79' lang='grc' dir='ltr'>ὲξῳκισμένης,</span> <span class='ocrx_word' id='word_1_526' title='bbox 3631 3529 3736 3582; x_wconf 79' lang='grc' dir='ltr'>λεί-</span> 
     </span>
    </p>
   </div>
   <div class='ocr_carea' id='block_1_79' title="bbox 2148 3618 3732 3690">
    <p class='ocr_par' dir='ltr' id='par_1_79' title="bbox 2148 3618 3732 3690">
     <span class='ocr_line' id='line_1_79' title="bbox 2148 3618 3732 3690; baseline -0.001 -18"><span class='ocrx_word' id='word_1_527' title='bbox 2148 3636 2309 3673; x_wconf 90' lang='grc' dir='ltr'>πεται</span> <span class='ocrx_word' id='word_1_528' title='bbox 2339 3619 2756 3690; x_wconf 81' lang='grc' dir='ltr'>περινοστοῦντα</span> <span class='ocrx_word' id='word_1_529' title='bbox 2797 3618 3096 3690; x_wconf 79' lang='grc' dir='ltr'>θαυμάζειν</span> <span class='ocrx_word' id='word_1_530' title='bbox 3137 3620 3236 3690; x_wconf 84' lang='grc' dir='ltr'>τὴν</span> <span class='ocrx_word' id='word_1_531' title='bbox 3278 3619 3628 3688; x_wconf 81' lang='grc' dir='ltr'>Ἀκαδημίαν</span> <span class='ocrx_word' id='word_1_532' title='bbox 3656 3636 3732 3680; x_wconf 84' lang='grc' dir='ltr'><strong>τε,</strong></span> 
     </span>
    </p>
   </div>
   <div class='ocr_carea' id='block_1_80' title="bbox 2150 3707 3734 3780">
    <p class='ocr_par' dir='ltr' id='par_1_80' title="bbox 2150 3707 3734 3780">
     <span class='ocr_line' id='line_1_80' title="bbox 2150 3707 3734 3780; baseline -0.002 -19"><span class='ocrx_word' id='word_1_533' title='bbox 2150 3709 2242 3762; x_wconf 62' lang='grc' dir='ltr'><strong>κοιλ⁵</strong></span> <span class='ocrx_word' id='word_1_534' title='bbox 2271 3710 2330 3762; x_wconf 86' lang='grc' dir='ltr'>τὸ</span> <span class='ocrx_word' id='word_1_535' title='bbox 2355 3707 2602 3773; x_wconf 85' lang='grc' dir='ltr'>Λύκειον,</span> <span class='ocrx_word' id='word_1_536' title='bbox 2637 3710 2732 3762; x_wconf 79' lang='grc' dir='ltr'>καὶ</span> <span class='ocrx_word' id='word_1_537' title='bbox 2758 3709 2823 3780; x_wconf 80' lang='grc' dir='ltr'>νὴ</span> <span class='ocrx_word' id='word_1_538' title='bbox 2852 3709 2951 3762; x_wconf 87' lang='grc' dir='ltr'>Δία</span> <span class='ocrx_word' id='word_1_539' title='bbox 2995 3709 3091 3780; x_wconf 82' lang='grc' dir='ltr'>τὴν</span> <span class='ocrx_word' id='word_1_540' title='bbox 3122 3708 3373 3778; x_wconf 83' lang='grc' dir='ltr'>ποικίλην</span> <span class='ocrx_word' id='word_1_541' title='bbox 3414 3709 3610 3772; x_wconf 70' lang='grc' dir='ltr'>στοὰν,</span> <span class='ocrx_word' id='word_1_542' title='bbox 3641 3710 3734 3779; x_wconf 70' lang='grc' dir='ltr'>τὴν</span> 
     </span>
    </p>
   </div>
   <div class='ocr_carea' id='block_1_81' title="bbox 2148 3799 3732 3871">
    <p class='ocr_par' dir='ltr' id='par_1_81' title="bbox 2148 3799 3732 3871">
     <span class='ocr_line' id='line_1_81' title="bbox 2148 3799 3732 3871; baseline 0.001 -21"><span class='ocrx_word' id='word_1_543' title='bbox 2148 3799 2436 3870; x_wconf 75' lang='grc' dir='ltr'>ἐπώνυμον</span> <span class='ocrx_word' id='word_1_544' title='bbox 2483 3803 2583 3871; x_wconf 79' lang='grc' dir='ltr'>τῆς</span> <span class='ocrx_word' id='word_1_545' title='bbox 2625 3800 2950 3871; x_wconf 86' lang='grc' dir='ltr'>Χρυσίππου</span> <span class='ocrx_word' id='word_1_546' title='bbox 2999 3799 3355 3869; x_wconf 79' lang='grc' dir='ltr'>φιλοσοφίας,</span> <span class='ocrx_word' id='word_1_547' title='bbox 3404 3799 3504 3853; x_wconf 89' lang='grc' dir='ltr'><strong>νῦν</strong></span> <span class='ocrx_word' id='word_1_548' title='bbox 3553 3800 3732 3854; x_wconf 76' lang='grc' dir='ltr'>οὐκέτ’</span> 
     </span>
    </p>
   </div>
   <div class='ocr_carea' id='block_1_82' title="bbox 2147 3887 3730 3962">
    <p class='ocr_par' dir='ltr' id='par_1_82' title="bbox 2147 3887 3730 3962">
     <span class='ocr_line' id='line_1_82' title="bbox 2147 3887 3730 3962; baseline 0 -18"><span class='ocrx_word' id='word_1_549' title='bbox 2147 3887 2314 3944; x_wconf 80' lang='grc' dir='ltr'>οὖσαν</span> <span class='ocrx_word' id='word_1_550' title='bbox 2345 3891 2616 3961; x_wconf 86' lang='grc' dir='ltr'>ποικίλην.</span> <span class='ocrx_word' id='word_1_551' title='bbox 2652 3891 2711 3945; x_wconf 85' lang='lat'><strong>&#39;0</strong></span> <span class='ocrx_word' id='word_1_552' title='bbox 2739 3891 2848 3962; x_wconf 86' lang='grc' dir='ltr'><strong>γὰρ</strong></span> <span class='ocrx_word' id='word_1_553' title='bbox 2876 3891 3180 3954; x_wconf 86' lang='grc' dir='ltr'>ἀνθύπατος</span> <span class='ocrx_word' id='word_1_554' title='bbox 3209 3891 3307 3954; x_wconf 83' lang='grc' dir='ltr'>τὰς</span> <span class='ocrx_word' id='word_1_555' title='bbox 3334 3892 3562 3954; x_wconf 85' lang='grc' dir='ltr'>σανίδας</span> <span class='ocrx_word' id='word_1_556' title='bbox 3580 3893 3730 3960; x_wconf 77' lang='grc' dir='ltr'>ἀφεξ-</span> 
     </span>
    </p>
   </div>
   <div class='ocr_carea' id='block_1_83' title="bbox 2147 3977 3729 4055">
    <p class='ocr_par' dir='ltr' id='par_1_83' title="bbox 2147 3977 3729 4055">
     <span class='ocr_line' id='line_1_83' title="bbox 2147 3977 3729 4055; baseline -0.001 -21"><span class='ocrx_word' id='word_1_557' title='bbox 2147 3982 2268 4035; x_wconf 86' lang='grc' dir='ltr'>λετο</span> <span class='ocrx_word' id='word_1_558' title='bbox 2314 3982 2427 4055; x_wconf 74' lang='grc' dir='ltr'>[γρ.</span> <span class='ocrx_word' id='word_1_559' title='bbox 2457 3982 2660 4054; x_wconf 84' lang='grc' dir='ltr'>ὑφείλ.]</span> <span class='ocrx_word' id='word_1_560' title='bbox 2683 4024 2697 4049; x_wconf 92' lang='grc'><strong>,</strong></span> <span class='ocrx_word' id='word_1_561' title='bbox 2743 3977 2831 4046; x_wconf 75' lang='grc' dir='ltr'>αἷς</span> <span class='ocrx_word' id='word_1_562' title='bbox 2869 3981 3193 4050; x_wconf 80' lang='grc' dir='ltr'>ἐγκατέθετο</span> <span class='ocrx_word' id='word_1_563' title='bbox 3223 3982 3324 4050; x_wconf 82' lang='grc' dir='ltr'>τὴν</span> <span class='ocrx_word' id='word_1_564' title='bbox 3353 3980 3555 4050; x_wconf 75' lang='grc' dir='ltr'>τέχνην</span> <span class='ocrx_word' id='word_1_565' title='bbox 3599 3982 3630 4033; x_wconf 82' lang='grc' dir='ltr'><strong>ὁ</strong></span> <span class='ocrx_word' id='word_1_566' title='bbox 3671 3983 3729 4033; x_wconf 76' lang='grc' dir='ltr'>ἐκ</span> 
     </span>
    </p>
   </div>
   <div class='ocr_carea' id='block_1_84' title="bbox 2146 4069 3728 4145">
    <p class='ocr_par' dir='ltr' id='par_1_84' title="bbox 2146 4069 3728 4145">
     <span class='ocr_line' id='line_1_84' title="bbox 2146 4069 3728 4145; baseline -0.001 -18"><span class='ocrx_word' id='word_1_567' title='bbox 2146 4074 2325 4128; x_wconf 84' lang='grc' dir='ltr'>Θάσου</span> <span class='ocrx_word' id='word_1_568' title='bbox 2371 4073 2742 4144; x_wconf 86' lang='grc' dir='ltr'>Πολύγνωτος.</span> <span class='ocrx_word' id='word_1_569' title='bbox 2794 4073 2909 4128; x_wconf 88' lang='grc' dir='ltr'>Νῦν</span> <span class='ocrx_word' id='word_1_570' title='bbox 2938 4074 3037 4145; x_wconf 86' lang='grc' dir='ltr'>μὲν</span> <span class='ocrx_word' id='word_1_571' title='bbox 3067 4069 3160 4125; x_wconf 81' lang='grc' dir='ltr'>οὖν</span> <span class='ocrx_word' id='word_1_572' title='bbox 3188 4074 3245 4125; x_wconf 83' lang='grc' dir='ltr'>ὲν</span> <span class='ocrx_word' id='word_1_573' title='bbox 3268 4074 3384 4134; x_wconf 86' lang='grc' dir='ltr'>τοῖς</span> <span class='ocrx_word' id='word_1_574' title='bbox 3424 4073 3550 4126; x_wconf 85' lang='grc' dir='ltr'>καθ’</span> <span class='ocrx_word' id='word_1_575' title='bbox 3584 4074 3728 4143; x_wconf 67' lang='grc' dir='ltr'>ἡμᾶς</span> 
     </span>
    </p>
   </div>
   <div class='ocr_carea' id='block_1_85' title="bbox 2146 4161 3725 4236">
    <p class='ocr_par' dir='ltr' id='par_1_85' title="bbox 2146 4161 3725 4236">
     <span class='ocr_line' id='line_1_85' title="bbox 2146 4161 3725 4236; baseline -0.016 -3"><span class='ocrx_word' id='word_1_576' title='bbox 2146 4165 2358 4236; x_wconf 68' lang='grc' dir='ltr'>χρόνοις</span> <span class='ocrx_word' id='word_1_577' title='bbox 2383 4166 2658 4234; x_wconf 71' lang='grc' dir='ltr'>Αἴγυπτος</span> <span class='ocrx_word' id='word_1_578' title='bbox 2685 4165 2875 4236; x_wconf 78' lang='grc' dir='ltr'>τρέφει</span> <span class='ocrx_word' id='word_1_579' title='bbox 2905 4165 3004 4227; x_wconf 76' lang='grc' dir='ltr'><strong>τὰς</strong></span> <span class='ocrx_word' id='word_1_580' title='bbox 3044 4163 3307 4226; x_wconf 84' lang='grc' dir='ltr'>’Υπατίας</span> <span class='ocrx_word' id='word_1_581' title='bbox 3330 4161 3609 4233; x_wconf 84' lang='grc' dir='ltr'>δεξαμένη</span> <span class='ocrx_word' id='word_1_582' title='bbox 3638 4180 3725 4231; x_wconf 69' lang='grc' dir='ltr'><strong>το.</strong></span> 
     </span>
    </p>
   </div>
   <div class='ocr_carea' id='block_1_86' title="bbox 2145 4248 3726 4326">
    <p class='ocr_par' dir='ltr' id='par_1_86' title="bbox 2145 4248 3726 4326">
     <span class='ocr_line' id='line_1_86' title="bbox 2145 4248 3726 4326; baseline -0.004 -16"><span class='ocrx_word' id='word_1_583' title='bbox 2145 4258 2281 4320; x_wconf 81' lang='grc' dir='ltr'>νάςο</span> <span class='ocrx_word' id='word_1_584' title='bbox 2338 4259 2392 4310; x_wconf 81' lang='grc' dir='ltr'>αἱ</span> <span class='ocrx_word' id='word_1_585' title='bbox 2440 4257 2498 4310; x_wconf 78' lang='grc' dir='ltr'>δὲ</span> <span class='ocrx_word' id='word_1_586' title='bbox 2539 4255 2780 4326; x_wconf 83' lang='grc' dir='ltr'>Ἀθῆναι,</span> <span class='ocrx_word' id='word_1_587' title='bbox 2825 4254 2994 4308; x_wconf 79' lang='grc' dir='ltr'>πάλαι</span> <span class='ocrx_word' id='word_1_588' title='bbox 3051 4253 3149 4324; x_wconf 81' lang='grc' dir='ltr'>μὲν</span> <span class='ocrx_word' id='word_1_589' title='bbox 3190 4248 3259 4324; x_wconf 82' lang='grc' dir='ltr'>ἦν</span> <span class='ocrx_word' id='word_1_590' title='bbox 3289 4255 3324 4324; x_wconf 78' lang='grc' dir='ltr'><strong>ἡ</strong></span> <span class='ocrx_word' id='word_1_591' title='bbox 3371 4253 3530 4315; x_wconf 83' lang='grc' dir='ltr'>πόλις</span> <span class='ocrx_word' id='word_1_592' title='bbox 3576 4255 3726 4306; x_wconf 75' lang='grc' dir='ltr'>ἑστία</span> 
     </span>
    </p>
   </div>
   <div class='ocr_carea' id='block_1_87' title="bbox 2147 4343 3726 4417">
    <p class='ocr_par' dir='ltr' id='par_1_87' title="bbox 2147 4343 3726 4417">
     <span class='ocr_line' id='line_1_87' title="bbox 2147 4343 3726 4417; baseline -0.003 -17"><span class='ocrx_word' id='word_1_593' title='bbox 2147 4348 2344 4417; x_wconf 81' lang='grc' dir='ltr'>σοφῶν.</span> <span class='ocrx_word' id='word_1_594' title='bbox 2382 4347 2456 4400; x_wconf 79' lang='grc' dir='ltr'><strong>Τὸ</strong></span> <span class='ocrx_word' id='word_1_595' title='bbox 2480 4347 2537 4400; x_wconf 86' lang='grc' dir='ltr'>δὲ</span> <span class='ocrx_word' id='word_1_596' title='bbox 2563 4345 2657 4400; x_wconf 83' lang='grc' dir='ltr'><strong>νῦν</strong></span> <span class='ocrx_word' id='word_1_597' title='bbox 2689 4346 2830 4417; x_wconf 74' lang='grc' dir='ltr'>ἔχον,</span> <span class='ocrx_word' id='word_1_598' title='bbox 2867 4345 3218 4415; x_wconf 89' lang='grc' dir='ltr'>σεμνύνουσιν</span> <span class='ocrx_word' id='word_1_599' title='bbox 3255 4343 3426 4406; x_wconf 74' lang='grc' dir='ltr'>αὑτὰς</span> <span class='ocrx_word' id='word_1_600' title='bbox 3449 4345 3500 4396; x_wconf 87' lang='grc' dir='ltr'>οἱ</span> <span class='ocrx_word' id='word_1_601' title='bbox 3536 4345 3726 4415; x_wconf 79' lang='grc' dir='ltr'>μελιτ-</span> 
     </span>
    </p>
   </div>
   <div class='ocr_carea' id='block_1_88' title="bbox 2143 4433 3725 4510">
    <p class='ocr_par' dir='ltr' id='par_1_88' title="bbox 2143 4433 3725 4510">
     <span class='ocr_line' id='line_1_88' title="bbox 2143 4433 3725 4510; baseline -0.001 -18"><span class='ocrx_word' id='word_1_602' title='bbox 2143 4439 2387 4510; x_wconf 86' lang='grc' dir='ltr'>τουργοί.</span> <span class='ocrx_word' id='word_1_603' title='bbox 2422 4437 2587 4491; x_wconf 81' lang='grc' dir='ltr'>Ταῦτ’</span> <span class='ocrx_word' id='word_1_604' title='bbox 2614 4437 2722 4507; x_wconf 74' lang='grc' dir='ltr'>ἄρα</span> <span class='ocrx_word' id='word_1_605' title='bbox 2764 4437 2859 4490; x_wconf 77' lang='grc' dir='ltr'>καὶ</span> <span class='ocrx_word' id='word_1_606' title='bbox 2904 4437 2938 4506; x_wconf 80' lang='grc' dir='ltr'><strong>ἠ</strong></span> <span class='ocrx_word' id='word_1_607' title='bbox 2967 4433 3196 4505; x_wconf 77' lang='grc' dir='ltr'>ξυνωρὶς</span> <span class='ocrx_word' id='word_1_608' title='bbox 3229 4434 3339 4487; x_wconf 86' lang='grc' dir='ltr'><strong>τῶν</strong></span> <span class='ocrx_word' id='word_1_609' title='bbox 3370 4433 3556 4502; x_wconf 84' lang='grc' dir='ltr'>σοφῶν</span> <span class='ocrx_word' id='word_1_610' title='bbox 3600 4435 3725 4506; x_wconf 62' lang='lat'><strong>[31).</strong></span> 
     </span>
    </p>
   </div>
   <div class='ocr_carea' id='block_1_89' title="bbox 2147 4525 3730 4601">
    <p class='ocr_par' dir='ltr' id='par_1_89' title="bbox 2147 4525 3730 4601">
     <span class='ocr_line' id='line_1_89' title="bbox 2147 4525 3730 4601; baseline -0.003 -20"><span class='ocrx_word' id='word_1_611' title='bbox 2147 4529 2415 4599; x_wconf 78' lang='grc' dir='ltr'>σοφιστῶν</span> <span class='ocrx_word' id='word_1_612' title='bbox 2443 4527 2466 4601; x_wconf 92' lang='grc'><strong>]</strong></span> <span class='ocrx_word' id='word_1_613' title='bbox 2517 4528 2948 4599; x_wconf 81' lang='grc' dir='ltr'>Πλουταρχείων,</span> <span class='ocrx_word' id='word_1_614' title='bbox 3000 4526 3194 4589; x_wconf 76' lang='grc' dir='ltr'>οἵτινες</span> <span class='ocrx_word' id='word_1_615' title='bbox 3229 4525 3291 4578; x_wconf 85' lang='grc' dir='ltr'>οὐ</span> <span class='ocrx_word' id='word_1_616' title='bbox 3321 4527 3386 4596; x_wconf 82' lang='grc' dir='ltr'>τῇ</span> <span class='ocrx_word' id='word_1_617' title='bbox 3424 4527 3586 4596; x_wconf 77' lang='grc' dir='ltr'>φήμῃ</span> <span class='ocrx_word' id='word_1_618' title='bbox 3623 4526 3730 4578; x_wconf 76' lang='grc' dir='ltr'>τῶν</span> 
     </span>
    </p>
   </div>
   <div class='ocr_carea' id='block_1_90' title="bbox 2074 4615 3731 4696">
    <p class='ocr_par' dir='ltr' id='par_1_90' title="bbox 2074 4615 3731 4696">
     <span class='ocr_line' id='line_1_90' title="bbox 2074 4615 3731 4696; baseline -0.002 -23"><span class='ocrx_word' id='word_1_619' title='bbox 2074 4639 2119 4696; x_wconf 80' lang='grc' dir='ltr'><strong>ι)</strong></span> <span class='ocrx_word' id='word_1_620' title='bbox 2146 4621 2319 4688; x_wconf 82' lang='grc' dir='ltr'>λόγων</span> <span class='ocrx_word' id='word_1_621' title='bbox 2347 4619 2655 4691; x_wconf 82' lang='grc' dir='ltr'>ἀγείρουσιν</span> <span class='ocrx_word' id='word_1_622' title='bbox 2699 4619 2758 4672; x_wconf 78' lang='grc' dir='ltr'>ὲν</span> <span class='ocrx_word' id='word_1_623' title='bbox 2792 4619 2902 4682; x_wconf 88' lang='grc' dir='ltr'>τοῖς</span> <span class='ocrx_word' id='word_1_624' title='bbox 2935 4617 3186 4688; x_wconf 80' lang='grc' dir='ltr'>θεάτροις</span> <span class='ocrx_word' id='word_1_625' title='bbox 3220 4616 3346 4680; x_wconf 78' lang='grc' dir='ltr'>τοὺς</span> <span class='ocrx_word' id='word_1_626' title='bbox 3372 4615 3554 4684; x_wconf 84' lang='grc' dir='ltr'>νέους,</span> <span class='ocrx_word' id='word_1_627' title='bbox 3589 4617 3731 4671; x_wconf 73' lang='grc' dir='ltr'>ἀλλὰ</span> 
     </span>
    </p>
   </div>
   <div class='ocr_carea' id='block_1_91' title="bbox 2101 4708 2992 4782">
    <p class='ocr_par' dir='ltr' id='par_1_91' title="bbox 2101 4708 2992 4782">
     <span class='ocr_line' id='line_1_91' title="bbox 2101 4708 2992 4782; baseline -0.007 -15"><span class='ocrx_word' id='word_1_628' title='bbox 2101 4765 2104 4768; x_wconf 78' lang='grc'><strong>,</strong></span> <span class='ocrx_word' id='word_1_629' title='bbox 2141 4715 2256 4776; x_wconf 87' lang='grc' dir='ltr'>τοῖς</span> <span class='ocrx_word' id='word_1_630' title='bbox 2285 4712 2344 4780; x_wconf 75' lang='grc' dir='ltr'><strong>ἐξ</strong></span> <span class='ocrx_word' id='word_1_631' title='bbox 2384 4708 2659 4782; x_wconf 80' lang='grc' dir='ltr'>Ὑμηττοῦ</span> <span class='ocrx_word' id='word_1_632' title='bbox 2691 4709 2992 4780; x_wconf 85' lang='grc' dir='ltr'>σταμνίοις.</span> 
     </span>
    </p>
   </div>
   <div class='ocr_carea' id='block_1_92' title="bbox 1723 4861 2485 4938">
    <p class='ocr_par' dir='ltr' id='par_1_92' title="bbox 1723 4861 2485 4938">
     <span class='ocr_line' id='line_1_92' title="bbox 1723 4861 2485 4938; baseline 0.001 -19"><span class='ocrx_word' id='word_1_633' title='bbox 1723 4864 1906 4924; x_wconf 88' lang='lat' dir='ltr'><strong>DION.</strong></span> <span class='ocrx_word' id='word_1_634' title='bbox 1946 4862 2218 4920; x_wconf 77' lang='lat' dir='ltr'><strong>PETAVII</strong></span> <span class='ocrx_word' id='word_1_635' title='bbox 2236 4935 2237 4938; x_wconf 15' lang='grc' dir='ltr'><strong>η</strong></span> <span class='ocrx_word' id='word_1_636' title='bbox 2252 4861 2485 4920; x_wconf 65' lang='grc' dir='ltr'><strong>ΝΟΤΛΕ.</strong></span> 
     </span>
    </p>
   </div>
   <div class='ocr_carea' id='block_1_93' title="bbox 466 4980 2040 5053">
    <p class='ocr_par' dir='ltr' id='par_1_93' title="bbox 466 4980 2040 5053">
     <span class='ocr_line' id='line_1_93' title="bbox 466 4980 2040 5053; baseline 0.003 -20"><span class='ocrx_word' id='word_1_637' title='bbox 466 4981 590 5050; x_wconf 85' lang='grc' dir='ltr'>φίου</span> <span class='ocrx_word' id='word_1_638' title='bbox 619 4980 918 5053; x_wconf 82' lang='lat' dir='ltr'><strong>desiderari</strong></span> <span class='ocrx_word' id='word_1_639' title='bbox 947 4995 1012 5036; x_wconf 81' lang='lat' dir='ltr'><strong>ex</strong></span> <span class='ocrx_word' id='word_1_640' title='bbox 1043 4997 1110 5038; x_wconf 93' lang='lat' dir='ltr'><strong>eo</strong></span> <span class='ocrx_word' id='word_1_641' title='bbox 1157 4983 1539 5046; x_wconf 83' lang='lat' dir='ltr'><strong>convincitur,</strong></span> <span class='ocrx_word' id='word_1_642' title='bbox 1571 4983 1718 5053; x_wconf 87' lang='lat' dir='ltr'><strong>quod</strong></span> <span class='ocrx_word' id='word_1_643' title='bbox 1744 4983 1811 5038; x_wconf 90' lang='lat' dir='ltr'><strong>de</strong></span> <span class='ocrx_word' id='word_1_644' title='bbox 1839 4983 2040 5052; x_wconf 91' lang='lat' dir='ltr'><strong>silphio</strong></span> 
     </span>
    </p>
   </div>
   <div class='ocr_carea' id='block_1_94' title="bbox 465 5051 2038 5134">
    <p class='ocr_par' dir='ltr' id='par_1_94' title="bbox 465 5051 2038 5134">
     <span class='ocr_line' id='line_1_94' title="bbox 465 5051 2038 5134; baseline 0.001 -30"><span class='ocrx_word' id='word_1_645' title='bbox 465 5065 692 5134; x_wconf 61' lang='lat' dir='ltr'><strong>necesse</strong></span> <span class='ocrx_word' id='word_1_646' title='bbox 710 5067 818 5105; x_wconf 84' lang='lat' dir='ltr'><strong>non</strong></span> <span class='ocrx_word' id='word_1_647' title='bbox 854 5051 1022 5134; x_wconf 66' lang='lat' dir='ltr'><strong>fuerit</strong></span> <span class='ocrx_word' id='word_1_648' title='bbox 1041 5053 1288 5121; x_wconf 91' lang='lat' dir='ltr'><strong>proloqui</strong></span> <span class='ocrx_word' id='word_1_649' title='bbox 1321 5051 1628 5134; x_wconf 80' lang='lat' dir='ltr'><strong>Synesium,</strong></span> <span class='ocrx_word' id='word_1_650' title='bbox 1661 5053 1839 5134; x_wconf 77' lang='lat' dir='ltr'><strong>ipsum</strong></span> <span class='ocrx_word' id='word_1_651' title='bbox 1873 5051 2038 5107; x_wconf 86' lang='lat' dir='ltr'><strong>etiam</strong></span> 
     </span>
    </p>
   </div>
   <div class='ocr_carea' id='block_1_95' title="bbox 463 5120 2037 5200">
    <p class='ocr_par' dir='ltr' id='par_1_95' title="bbox 463 5120 2037 5200">
     <span class='ocr_line' id='line_1_95' title="bbox 463 5120 2037 5200; baseline 0.001 -26"><span class='ocrx_word' id='word_1_652' title='bbox 463 5120 693 5200; x_wconf 72' lang='lat' dir='ltr'><strong>Cyrenis</strong></span> <span class='ocrx_word' id='word_1_653' title='bbox 746 5136 854 5200; x_wconf 70' lang='lat' dir='ltr'><strong>non</strong></span> <span class='ocrx_word' id='word_1_654' title='bbox 891 5120 1121 5200; x_wconf 81' lang='lat' dir='ltr'><strong>_t_nalum</strong></span> <span class='ocrx_word' id='word_1_655' title='bbox 1151 5120 1439 5200; x_wconf 70' lang='lat' dir='ltr'><strong>provenire</strong></span> <span class='ocrx_word' id='word_1_656' title='bbox 1473 5138 1486 5175; x_wconf 93' lang='lat'><strong>:</strong></span> <span class='ocrx_word' id='word_1_657' title='bbox 1520 5136 1644 5175; x_wconf 91' lang='lat' dir='ltr'><strong>cum</strong></span> <span class='ocrx_word' id='word_1_658' title='bbox 1683 5120 1888 5200; x_wconf 77' lang='lat' dir='ltr'><strong>ibidem</strong></span> <span class='ocrx_word' id='word_1_659' title='bbox 1921 5138 2037 5200; x_wconf 55' lang='lat' dir='ltr'><strong>om:</strong></span> 
     </span>
    </p>
   </div>
   <div class='ocr_carea' id='block_1_96' title="bbox 463 5189 2034 5260">
    <p class='ocr_par' dir='ltr' id='par_1_96' title="bbox 463 5189 2034 5260">
     <span class='ocr_line' id='line_1_96' title="bbox 463 5189 2034 5260; baseline 0.003 -20"><span class='ocrx_word' id='word_1_660' title='bbox 463 5189 616 5260; x_wconf 81' lang='lat' dir='ltr'><strong>nium</strong></span> <span class='ocrx_word' id='word_1_661' title='bbox 648 5189 791 5242; x_wconf 88' lang='lat' dir='ltr'><strong>haud</strong></span> <span class='ocrx_word' id='word_1_662' title='bbox 814 5190 979 5260; x_wconf 88' lang='lat' dir='ltr'><strong>dubie</strong></span> <span class='ocrx_word' id='word_1_663' title='bbox 1011 5189 1524 5260; x_wconf 63' lang='lat' dir='ltr'><strong>praestantissimum</strong></span> <span class='ocrx_word' id='word_1_664' title='bbox 1560 5199 1895 5246; x_wconf 85' lang='lat' dir='ltr'><strong>nasceretur.</strong></span> <span class='ocrx_word' id='word_1_665' title='bbox 1929 5191 2034 5246; x_wconf 81' lang='lat' dir='ltr'><strong>Sed</strong></span> 
     </span>
    </p>
   </div>
   <div class='ocr_carea' id='block_1_97' title="bbox 464 5257 2032 5328">
    <p class='ocr_par' dir='ltr' id='par_1_97' title="bbox 464 5257 2032 5328">
     <span class='ocr_line' id='line_1_97' title="bbox 464 5257 2032 5328; baseline 0.002 -17"><span class='ocrx_word' id='word_1_666' title='bbox 464 5257 534 5328; x_wconf 76' lang='lat' dir='ltr'><strong>de</strong></span> <span class='ocrx_word' id='word_1_667' title='bbox 560 5271 723 5328; x_wconf 84' lang='lat' dir='ltr'><strong>croco</strong></span> <span class='ocrx_word' id='word_1_668' title='bbox 748 5257 1061 5328; x_wconf 75' lang='lat' dir='ltr'><strong>ambiguum</strong></span> <span class='ocrx_word' id='word_1_669' title='bbox 1082 5267 1220 5328; x_wconf 84' lang='lat' dir='ltr'><strong>erat.</strong></span> <span class='ocrx_word' id='word_1_670' title='bbox 1253 5261 1329 5314; x_wconf 84' lang='lat' dir='ltr'><strong>De</strong></span> <span class='ocrx_word' id='word_1_671' title='bbox 1349 5275 1458 5328; x_wconf 87' lang='lat' dir='ltr'><strong>quo</strong></span> <span class='ocrx_word' id='word_1_672' title='bbox 1473 5258 1612 5313; x_wconf 81' lang='lat' dir='ltr'><strong>Plin.</strong></span> <span class='ocrx_word' id='word_1_673' title='bbox 1639 5261 1733 5314; x_wconf 91' lang='lat' dir='ltr'><strong>lib.</strong></span> <span class='ocrx_word' id='word_1_674' title='bbox 1767 5276 1876 5324; x_wconf 75' lang='lat' dir='ltr'><strong>XXI,</strong></span> <span class='ocrx_word' id='word_1_675' title='bbox 1897 5275 1944 5313; x_wconf 91' lang='lat' dir='ltr'><strong>c.</strong></span> <span class='ocrx_word' id='word_1_676' title='bbox 1976 5260 2032 5323; x_wconf 88' lang='lat'><strong>6,</strong></span> 
     </span>
    </p>
   </div>
   <div class='ocr_carea' id='block_1_98' title="bbox 465 5325 2034 5398">
    <p class='ocr_par' dir='ltr' id='par_1_98' title="bbox 465 5325 2034 5398">
     <span class='ocr_line' id='line_1_98' title="bbox 465 5325 2034 5398; baseline 0.001 -18"><span class='ocrx_word' id='word_1_677' title='bbox 465 5325 570 5398; x_wconf 63' lang='lat' dir='ltr'><strong>Sed</strong></span> <span class='ocrx_word' id='word_1_678' title='bbox 601 5342 691 5398; x_wconf 77' lang='lat' dir='ltr'><strong>nec</strong></span> <span class='ocrx_word' id='word_1_679' title='bbox 720 5325 919 5396; x_wconf 72' lang='lat' dir='ltr'><strong>ubique</strong></span> <span class='ocrx_word' id='word_1_680' title='bbox 941 5325 1223 5398; x_wconf 78' lang='lat' dir='ltr'><strong>fecundum</strong></span> <span class='ocrx_word' id='word_1_681' title='bbox 1249 5329 1338 5397; x_wconf 90' lang='lat' dir='ltr'><strong>(de</strong></span> <span class='ocrx_word' id='word_1_682' title='bbox 1363 5325 1538 5384; x_wconf 80' lang='lat' dir='ltr'><strong>sativo</strong></span> <span class='ocrx_word' id='word_1_683' title='bbox 1568 5329 1854 5398; x_wconf 89' lang='lat' dir='ltr'><strong>loquitur),</strong></span> <span class='ocrx_word' id='word_1_684' title='bbox 1874 5331 2034 5382; x_wconf 76' lang='lat' dir='ltr'><strong>etiam</strong></span> 
     </span>
    </p>
   </div>
   <div class='ocr_carea' id='block_1_99' title="bbox 464 5395 2030 5464">
    <p class='ocr_par' dir='ltr' id='par_1_99' title="bbox 464 5395 2030 5464">
     <span class='ocr_line' id='line_1_99' title="bbox 464 5395 2030 5464; baseline 0.002 -16"><span class='ocrx_word' id='word_1_685' title='bbox 464 5395 708 5464; x_wconf 75' lang='lat' dir='ltr'><strong>Cyrenis,</strong></span> <span class='ocrx_word' id='word_1_686' title='bbox 774 5395 862 5449; x_wconf 82' lang='lat' dir='ltr'><strong>ubi</strong></span> <span class='ocrx_word' id='word_1_687' title='bbox 909 5412 1109 5462; x_wconf 83' lang='lat' dir='ltr'><strong>semper</strong></span> <span class='ocrx_word' id='word_1_688' title='bbox 1159 5395 1316 5462; x_wconf 76' lang='lat' dir='ltr'><strong>ﬂores</strong></span> <span class='ocrx_word' id='word_1_689' title='bbox 1372 5395 1752 5453; x_wconf 76' lang='lat' dir='ltr'><strong>luudatissimt’.</strong></span> <span class='ocrx_word' id='word_1_690' title='bbox 1813 5398 2030 5463; x_wconf 88' lang='lat' dir='ltr'><strong>Postea,</strong></span> 
     </span>
    </p>
   </div>
   <div class='ocr_carea' id='block_1_100' title="bbox 465 5464 2032 5534">
    <p class='ocr_par' dir='ltr' id='par_1_100' title="bbox 465 5464 2032 5534">
     <span class='ocr_line' id='line_1_100' title="bbox 465 5464 2032 5534; baseline 0.003 -16"><span class='ocrx_word' id='word_1_691' title='bbox 465 5464 671 5518; x_wconf 86' lang='lat' dir='ltr'><strong>Contra</strong></span> <span class='ocrx_word' id='word_1_692' title='bbox 696 5464 985 5532; x_wconf 81' lang='lat' dir='ltr'><strong>Cyrenaico</strong></span> <span class='ocrx_word' id='word_1_693' title='bbox 1009 5467 1212 5526; x_wconf 79' lang='lat' dir='ltr'><strong>vitium,</strong></span> <span class='ocrx_word' id='word_1_694' title='bbox 1255 5467 1392 5534; x_wconf 74' lang='lat' dir='ltr'><strong>quod</strong></span> <span class='ocrx_word' id='word_1_695' title='bbox 1451 5471 1593 5522; x_wconf 85' lang='lat' dir='ltr'><strong>omni</strong></span> <span class='ocrx_word' id='word_1_696' title='bbox 1632 5483 1783 5521; x_wconf 81' lang='lat' dir='ltr'><strong>croco</strong></span> <span class='ocrx_word' id='word_1_697' title='bbox 1832 5468 2032 5533; x_wconf 78' lang='lat' dir='ltr'><strong>nigrius</strong></span> 
     </span>
    </p>
   </div>
   <div class='ocr_carea' id='block_1_101' title="bbox 464 5535 2029 5605">
    <p class='ocr_par' dir='ltr' id='par_1_101' title="bbox 464 5535 2029 5605">
     <span class='ocr_line' id='line_1_101' title="bbox 464 5535 2029 5605; baseline 0.002 -19"><span class='ocrx_word' id='word_1_698' title='bbox 464 5544 565 5598; x_wconf 76' lang='lat' dir='ltr'><strong>est,</strong></span> <span class='ocrx_word' id='word_1_699' title='bbox 599 5536 943 5605; x_wconf 68' lang='lat' dir='ltr'><strong>et__ce_lerrime</strong></span> <span class='ocrx_word' id='word_1_700' title='bbox 959 5537 1252 5586; x_wconf 77' lang='lat' dir='ltr'><strong>marcescit.</strong></span> <span class='ocrx_word' id='word_1_701' title='bbox 1280 5535 1406 5589; x_wconf 86' lang='lat' dir='ltr'><strong>Ideo</strong></span> <span class='ocrx_word' id='word_1_702' title='bbox 1423 5537 1565 5605; x_wconf 91' lang='lat' dir='ltr'><strong>apud</strong></span> <span class='ocrx_word' id='word_1_703' title='bbox 1598 5537 1846 5591; x_wconf 90' lang='lat' dir='ltr'><strong>Dioscor.</strong></span> <span class='ocrx_word' id='word_1_704' title='bbox 1874 5535 1970 5590; x_wconf 86' lang='lat' dir='ltr'><strong>lib.</strong></span> <span class='ocrx_word' id='word_1_705' title='bbox 1991 5553 2029 5598; x_wconf 84' lang='grc' dir='ltr'><strong>ι,</strong></span> 
     </span>
    </p>
   </div>
   <div class='ocr_carea' id='block_1_102' title="bbox 466 5600 2032 5668">
    <p class='ocr_par' dir='ltr' id='par_1_102' title="bbox 466 5600 2032 5668">
     <span class='ocr_line' id='line_1_102' title="bbox 466 5600 2032 5668; baseline 0.004 -16"><span class='ocrx_word' id='word_1_706' title='bbox 466 5615 590 5668; x_wconf 90' lang='lat' dir='ltr'><strong>cap.</strong></span> <span class='ocrx_word' id='word_1_707' title='bbox 604 5600 1044 5668; x_wconf 63' lang='lat' dir='ltr'><strong>$5,Cyrenaicus</strong></span> <span class='ocrx_word' id='word_1_708' title='bbox 1055 5615 1255 5656; x_wconf 89' lang='lat' dir='ltr'><strong>crocus</strong></span> <span class='ocrx_word' id='word_1_709' title='bbox 1273 5600 1521 5658; x_wconf 75' lang='lat' dir='ltr'><strong>omnium</strong></span> <span class='ocrx_word' id='word_1_710' title='bbox 1535 5615 1618 5660; x_wconf 89' lang='lat' dir='ltr'><strong>est</strong></span> <span class='ocrx_word' id='word_1_711' title='bbox 1634 5606 1854 5660; x_wconf 83' lang='lat' dir='ltr'><strong>inﬁmus</strong></span> <span class='ocrx_word' id='word_1_712' title='bbox 1871 5623 1884 5657; x_wconf 93' lang='lat'>:</span> <span class='ocrx_word' id='word_1_713' title='bbox 1901 5606 1960 5658; x_wconf 82' lang='grc' dir='ltr'>Ὀ</span> <span class='ocrx_word' id='word_1_714' title='bbox 1975 5607 2032 5658; x_wconf 86' lang='grc' dir='ltr'>δὲ</span> 
     </span>
    </p>
   </div>
   <div class='ocr_carea' id='block_1_103' title="bbox 465 5669 2034 5745">
    <p class='ocr_par' dir='ltr' id='par_1_103' title="bbox 465 5669 2034 5745">
     <span class='ocr_line' id='line_1_103' title="bbox 465 5669 2034 5745; baseline 0.005 -25"><span class='ocrx_word' id='word_1_715' title='bbox 465 5669 550 5745; x_wconf 61' lang='lat' dir='ltr'><strong>K13</strong></span> <span class='ocrx_word' id='word_1_716' title='bbox 559 5669 877 5745; x_wconf 60' lang='grc' dir='ltr'>ρηναῖκος.</span> <span class='ocrx_word' id='word_1_717' title='bbox 908 5673 973 5722; x_wconf 82' lang='grc' dir='ltr'>ὲκ</span> <span class='ocrx_word' id='word_1_718' title='bbox 988 5670 1284 5745; x_wconf 69' lang='grc' dir='ltr'>κεντορίας</span> <span class='ocrx_word' id='word_1_719' title='bbox 1300 5671 1517 5745; x_wconf 60' lang='grc' dir='ltr'>πάντων</span> <span class='ocrx_word' id='word_1_720' title='bbox 1534 5675 1640 5745; x_wconf 67' lang='grc' dir='ltr'>τῷν</span> <span class='ocrx_word' id='word_1_721' title='bbox 1662 5675 1803 5745; x_wconf 81' lang='grc' dir='ltr'>κατὰ</span> <span class='ocrx_word' id='word_1_722' title='bbox 1829 5682 1929 5745; x_wconf 75' lang='grc' dir='ltr'>τὴν</span> <span class='ocrx_word' id='word_1_723' title='bbox 1949 5676 2034 5745; x_wconf 85' lang='grc' dir='ltr'><strong>Σι-</strong></span> 
     </span>
    </p>
   </div>
   <div class='ocr_carea' id='block_1_104' title="bbox 464 5734 2027 5810">
    <p class='ocr_par' dir='ltr' id='par_1_104' title="bbox 464 5734 2027 5810">
     <span class='ocr_line' id='line_1_104' title="bbox 464 5734 2027 5810; baseline 0.004 -23"><span class='ocrx_word' id='word_1_724' title='bbox 464 5734 649 5810; x_wconf 52' lang='grc' dir='ltr'>κελίαν</span> <span class='ocrx_word' id='word_1_725' title='bbox 676 5738 906 5810; x_wconf 75' lang='grc' dir='ltr'>ἀσθενὴς</span> <span class='ocrx_word' id='word_1_726' title='bbox 935 5737 1077 5810; x_wconf 75' lang='grc' dir='ltr'>κατὰ</span> <span class='ocrx_word' id='word_1_727' title='bbox 1103 5734 1348 5809; x_wconf 70' lang='grc' dir='ltr'>δύναμιν,</span> <span class='ocrx_word' id='word_1_728' title='bbox 1369 5741 1694 5810; x_wconf 85' lang='grc' dir='ltr'>λαχανώδεις</span> <span class='ocrx_word' id='word_1_729' title='bbox 1721 5734 2027 5804; x_wconf 75' lang='grc' dir='ltr'>ὄντες’πάνο</span> 
     </span>
    </p>
   </div>
   <div class='ocr_carea' id='block_1_105' title="bbox 464 5805 2032 5870">
    <p class='ocr_par' dir='ltr' id='par_1_105' title="bbox 464 5805 2032 5870">
     <span class='ocr_line' id='line_1_105' title="bbox 464 5805 2032 5870; baseline 0.008 -14"><span class='ocrx_word' id='word_1_730' title='bbox 464 5817 575 5867; x_wconf 70' lang='grc' dir='ltr'>τες.</span> <span class='ocrx_word' id='word_1_731' title='bbox 593 5805 724 5869; x_wconf 81' lang='lat' dir='ltr'><strong>Quae</strong></span> <span class='ocrx_word' id='word_1_732' title='bbox 748 5805 911 5862; x_wconf 84' lang='lat' dir='ltr'><strong>verba</strong></span> <span class='ocrx_word' id='word_1_733' title='bbox 926 5807 1101 5862; x_wconf 88' lang='lat' dir='ltr'><strong>obiter</strong></span> <span class='ocrx_word' id='word_1_734' title='bbox 1117 5805 1478 5870; x_wconf 49' lang='lat' dir='ltr'><strong>cma&#39;culand&#39;a</strong></span> <span class='ocrx_word' id='word_1_735' title='bbox 1495 5820 1642 5866; x_wconf 86' lang='lat' dir='ltr'><strong>sunt.</strong></span> <span class='ocrx_word' id='word_1_736' title='bbox 1664 5811 1868 5868; x_wconf 78' lang='lat' dir='ltr'><strong>Vitium</strong></span> <span class='ocrx_word' id='word_1_737' title='bbox 1885 5813 2032 5868; x_wconf 86' lang='lat' dir='ltr'><strong>enim</strong></span> 
     </span>
    </p>
   </div>
   <div class='ocr_carea' id='block_1_106' title="bbox 2142 4979 3726 5052">
    <p class='ocr_par' dir='ltr' id='par_1_106' title="bbox 2142 4979 3726 5052">
     <span class='ocr_line' id='line_1_106' title="bbox 2142 4979 3726 5052; baseline -0.002 -17"><span class='ocrx_word' id='word_1_738' title='bbox 2142 4983 2198 5052; x_wconf 87' lang='lat' dir='ltr'><strong>in</strong></span> <span class='ocrx_word' id='word_1_739' title='bbox 2234 4982 2303 5037; x_wconf 91' lang='lat' dir='ltr'><strong>iis</strong></span> <span class='ocrx_word' id='word_1_740' title='bbox 2327 4981 2863 5052; x_wconf 72' lang='lat' dir='ltr'><strong>manifestum,cum</strong></span> <span class='ocrx_word' id='word_1_741' title='bbox 2893 4979 3256 5052; x_wconf 84' lang='lat' dir='ltr'><strong>Centuripino</strong></span> <span class='ocrx_word' id='word_1_742' title='bbox 3277 4991 3446 5052; x_wconf 72' lang='lat' dir='ltr'><strong>croco</strong></span> <span class='ocrx_word' id='word_1_743' title='bbox 3491 4986 3726 5052; x_wconf 54' lang='grc' dir='ltr'>σείει-ος</span> 
     </span>
    </p>
   </div>
   <div class='ocr_carea' id='block_1_107' title="bbox 2141 5047 3727 5120">
    <p class='ocr_par' dir='ltr' id='par_1_107' title="bbox 2141 5047 3727 5120">
     <span class='ocr_line' id='line_1_107' title="bbox 2141 5047 3727 5120; baseline -0.004 -15"><span class='ocrx_word' id='word_1_744' title='bbox 2141 5051 2360 5106; x_wconf 89' lang='lat' dir='ltr'><strong>Siculos</strong></span> <span class='ocrx_word' id='word_1_745' title='bbox 2390 5047 2656 5120; x_wconf 63' lang='lat' dir='ltr'><strong>praeferre</strong></span> <span class='ocrx_word' id='word_1_746' title='bbox 2676 5051 2955 5120; x_wconf 72' lang='lat' dir='ltr'><strong>videatur,</strong></span> <span class='ocrx_word' id='word_1_747' title='bbox 2996 5061 3050 5104; x_wconf 91' lang='lat' dir='ltr'><strong>et</strong></span> <span class='ocrx_word' id='word_1_748' title='bbox 3076 5047 3314 5120; x_wconf 79' lang='lat' dir='ltr'><strong>liérharii</strong></span> <span class='ocrx_word' id='word_1_749' title='bbox 3352 5055 3541 5120; x_wconf 74' lang='lat' dir='ltr'><strong>tamen</strong></span> <span class='ocrx_word' id='word_1_750' title='bbox 3581 5047 3727 5120; x_wconf 77' lang='lat' dir='ltr'><strong>Cert-</strong></span> 
     </span>
    </p>
   </div>
   <div class='ocr_carea' id='block_1_108' title="bbox 2141 5119 3724 5190">
    <p class='ocr_par' dir='ltr' id='par_1_108' title="bbox 2141 5119 3724 5190">
     <span class='ocr_line' id='line_1_108' title="bbox 2141 5119 3724 5190; baseline -0.003 -17"><span class='ocrx_word' id='word_1_751' title='bbox 2141 5121 2369 5190; x_wconf 91' lang='lat' dir='ltr'><strong>turipini</strong></span> <span class='ocrx_word' id='word_1_752' title='bbox 2398 5119 2547 5174; x_wconf 81' lang='lat' dir='ltr'><strong>croci</strong></span> <span class='ocrx_word' id='word_1_753' title='bbox 2575 5122 2631 5174; x_wconf 90' lang='lat' dir='ltr'><strong>in</strong></span> <span class='ocrx_word' id='word_1_754' title='bbox 2664 5119 2857 5190; x_wconf 86' lang='lat' dir='ltr'><strong>Sicilia</strong></span> <span class='ocrx_word' id='word_1_755' title='bbox 2911 5119 3261 5190; x_wconf 72' lang='lat' dir='ltr'><strong>nominatim,</strong></span> <span class='ocrx_word' id='word_1_756' title='bbox 3296 5119 3473 5190; x_wconf 63' lang='lat' dir='ltr'><strong>quasi</strong></span> <span class='ocrx_word' id='word_1_757' title='bbox 3501 5119 3724 5190; x_wconf 68' lang='lat' dir='ltr'><strong>cat-teris</strong></span> 
     </span>
    </p>
   </div>
   <div class='ocr_carea' id='block_1_109' title="bbox 2142 5185 3722 5256">
    <p class='ocr_par' dir='ltr' id='par_1_109' title="bbox 2142 5185 3722 5256">
     <span class='ocr_line' id='line_1_109' title="bbox 2142 5185 3722 5256; baseline -0.003 -15"><span class='ocrx_word' id='word_1_758' title='bbox 2142 5185 2524 5256; x_wconf 59' lang='lat' dir='ltr'><strong>praecellentis,</strong></span> <span class='ocrx_word' id='word_1_759' title='bbox 2563 5189 2940 5244; x_wconf 87' lang='lat' dir='ltr'><strong>meminerint.</strong></span> <span class='ocrx_word' id='word_1_760' title='bbox 2963 5187 3055 5242; x_wconf 91' lang='lat' dir='ltr'><strong>Sic</strong></span> <span class='ocrx_word' id='word_1_761' title='bbox 3083 5187 3250 5256; x_wconf 70' lang='lat' dir='ltr'><strong>igitur</strong></span> <span class='ocrx_word' id='word_1_762' title='bbox 3280 5185 3532 5239; x_wconf 85' lang='lat' dir='ltr'><strong>rescribo</strong></span> <span class='ocrx_word' id='word_1_763' title='bbox 3555 5202 3569 5236; x_wconf 88' lang='lat'><strong>:</strong></span> <span class='ocrx_word' id='word_1_764' title='bbox 3591 5187 3722 5238; x_wconf 80' lang='grc' dir='ltr'><strong>Ὀδὲ</strong></span> 
     </span>
    </p>
   </div>
   <div class='ocr_carea' id='block_1_110' title="bbox 2139 5255 3722 5328">
    <p class='ocr_par' dir='ltr' id='par_1_110' title="bbox 2139 5255 3722 5328">
     <span class='ocr_line' id='line_1_110' title="bbox 2139 5255 3722 5328; baseline -0.005 -15"><span class='ocrx_word' id='word_1_765' title='bbox 2139 5255 2505 5328; x_wconf 84' lang='grc' dir='ltr'>Κυρηναῐκὸς,</span> <span class='ocrx_word' id='word_1_766' title='bbox 2539 5262 2568 5312; x_wconf 82' lang='grc' dir='ltr'>ὁ</span> <span class='ocrx_word' id='word_1_767' title='bbox 2604 5261 2668 5312; x_wconf 81' lang='grc' dir='ltr'>ὲκ</span> <span class='ocrx_word' id='word_1_768' title='bbox 2700 5257 3021 5328; x_wconf 85' lang='grc' dir='ltr'>Κεντορίας,</span> <span class='ocrx_word' id='word_1_769' title='bbox 3046 5259 3142 5310; x_wconf 80' lang='grc' dir='ltr'>καὶ</span> <span class='ocrx_word' id='word_1_770' title='bbox 3163 5255 3362 5317; x_wconf 81' lang='grc' dir='ltr'>πάντες</span> <span class='ocrx_word' id='word_1_771' title='bbox 3394 5256 3600 5307; x_wconf 75' lang='grc' dir='ltr'>οίκατέι</span> <span class='ocrx_word' id='word_1_772' title='bbox 3622 5255 3722 5322; x_wconf 72' lang='grc' dir='ltr'>τὴν</span> 
     </span>
    </p>
   </div>
   <div class='ocr_carea' id='block_1_111' title="bbox 2137 5327 3684 5401">
    <p class='ocr_par' dir='ltr' id='par_1_111' title="bbox 2137 5327 3684 5401">
     <span class='ocr_line' id='line_1_111' title="bbox 2137 5327 3684 5401; baseline 0.015 -21"><span class='ocrx_word' id='word_1_773' title='bbox 2137 5327 2407 5401; x_wconf 64' lang='grc' dir='ltr'>Σικελίαν,</span> <span class='ocrx_word' id='word_1_774' title='bbox 2443 5329 2529 5401; x_wconf 82' lang='lat' dir='ltr'><strong>vel</strong></span> <span class='ocrx_word' id='word_1_775' title='bbox 2555 5328 2692 5397; x_wconf 83' lang='grc' dir='ltr'>μετὰ</span> <span class='ocrx_word' id='word_1_776' title='bbox 2721 5327 2962 5401; x_wconf 47' lang='lat' dir='ltr'><strong>3&amp;2?th-</strong></span> <span class='ocrx_word' id='word_1_777' title='bbox 3005 5395 3029 5401; x_wconf 92' lang='lat'><strong>_</strong></span> <span class='ocrx_word' id='word_1_778' title='bbox 3133 5394 3168 5401; x_wconf 86' lang='lat'><strong><em>_</em></strong></span> <span class='ocrx_word' id='word_1_779' title='bbox 3259 5393 3270 5401; x_wconf 86' lang='lat'><strong>_</strong></span> <span class='ocrx_word' id='word_1_780' title='bbox 3316 5393 3328 5401; x_wconf 86' lang='grc'><em>,</em></span> <span class='ocrx_word' id='word_1_781' title='bbox 3673 5391 3684 5401; x_wconf 84' lang='grc'><strong>.</strong></span> 
     </span>
    </p>
   </div>
   <div class='ocr_carea' id='block_1_112' title="bbox 2208 5393 3719 5466">
    <p class='ocr_par' dir='ltr' id='par_1_112' title="bbox 2208 5393 3719 5466">
     <span class='ocr_line' id='line_1_112' title="bbox 2208 5393 3719 5466; baseline -0.005 -16"><span class='ocrx_word' id='word_1_782' title='bbox 2208 5399 2322 5463; x_wconf 79' lang='lat'><strong>(75)</strong></span> <span class='ocrx_word' id='word_1_783' title='bbox 2367 5393 2650 5466; x_wconf 65' lang='grc' dir='ltr'>Ὀναίιὶηις</span> <span class='ocrx_word' id='word_1_784' title='bbox 2675 5395 2792 5449; x_wconf 81' lang='grc' dir='ltr'><strong>τῶν</strong></span> <span class='ocrx_word' id='word_1_785' title='bbox 2824 5395 3096 5466; x_wconf 60' lang='grc' dir='ltr'><strong>Ἀθηνῶν.</strong></span> <span class='ocrx_word' id='word_1_786' title='bbox 3133 5394 3210 5447; x_wconf 89' lang='lat' dir='ltr'><strong>De</strong></span> <span class='ocrx_word' id='word_1_787' title='bbox 3244 5393 3586 5466; x_wconf 12' lang='lat' dir='ltr'><strong>AAthienarutn</strong></span> <span class='ocrx_word' id='word_1_788' title='bbox 3618 5393 3719 5466; x_wconf 70' lang='lat' dir='ltr'><strong>lni-</strong></span> 
     </span>
    </p>
   </div>
   <div class='ocr_carea' id='block_1_113' title="bbox 2136 5460 3713 5533">
    <p class='ocr_par' dir='ltr' id='par_1_113' title="bbox 2136 5460 3713 5533">
     <span class='ocr_line' id='line_1_113' title="bbox 2136 5460 3713 5533; baseline -0.005 -13"><span class='ocrx_word' id='word_1_789' title='bbox 2136 5460 2259 5521; x_wconf 82' lang='lat' dir='ltr'><strong>sera</strong></span> <span class='ocrx_word' id='word_1_790' title='bbox 2287 5479 2436 5522; x_wconf 86' lang='lat' dir='ltr'><strong>sorte</strong></span> <span class='ocrx_word' id='word_1_791' title='bbox 2466 5460 2844 5533; x_wconf 48' lang='lat' dir='ltr'><strong>vide&#39;Gregor.</strong></span> <span class='ocrx_word' id='word_1_792' title='bbox 2893 5463 3028 5518; x_wconf 82' lang='lat' dir='ltr'><strong>Naz.</strong></span> <span class='ocrx_word' id='word_1_793' title='bbox 3069 5462 3313 5533; x_wconf 60' lang='lat' dir='ltr'><strong>orat.}0</strong></span> <span class='ocrx_word' id='word_1_794' title='bbox 3340 5465 3393 5515; x_wconf 79' lang='lat' dir='ltr'><strong>in</strong></span> <span class='ocrx_word' id='word_1_795' title='bbox 3417 5460 3486 5533; x_wconf 11' lang='grc' dir='ltr'><strong>με.</strong></span> <span class='ocrx_word' id='word_1_796' title='bbox 3519 5460 3713 5533; x_wconf 45' lang='lat' dir='ltr'><strong>Qui!&quot;</strong></span> 
     </span>
    </p>
   </div>
   <div class='ocr_carea' id='block_1_114' title="bbox 2136 5529 3716 5605">
    <p class='ocr_par' dir='ltr' id='par_1_114' title="bbox 2136 5529 3716 5605">
     <span class='ocr_line' id='line_1_114' title="bbox 2136 5529 3716 5605; baseline -0.008 -15"><span class='ocrx_word' id='word_1_797' title='bbox 2136 5552 2190 5605; x_wconf 90' lang='lat' dir='ltr'><strong>p.</strong></span> <span class='ocrx_word' id='word_1_798' title='bbox 2233 5537 2360 5599; x_wconf 72' lang='lat'><strong>529,</strong></span> <span class='ocrx_word' id='word_1_799' title='bbox 2392 5545 2447 5591; x_wconf 89' lang='lat' dir='ltr'><strong>et</strong></span> <span class='ocrx_word' id='word_1_800' title='bbox 2472 5534 2700 5590; x_wconf 59' lang='lat' dir='ltr'><strong>IEneam</strong></span> <span class='ocrx_word' id='word_1_801' title='bbox 2728 5529 2981 5605; x_wconf 65' lang='lat' dir='ltr'><strong>Cazatnm</strong></span> <span class='ocrx_word' id='word_1_802' title='bbox 3010 5531 3504 5605; x_wconf 27' lang='lat' dir='ltr'><strong>initio‘TheOphr.</strong></span> <span class='ocrx_word' id='word_1_803' title='bbox 3533 5529 3716 5605; x_wconf 74' lang='lat' dir='ltr'><strong>Euna-</strong></span> 
     </span>
    </p>
   </div>
   <div class='ocr_carea' id='block_1_115' title="bbox 2134 5598 3718 5675">
    <p class='ocr_par' dir='ltr' id='par_1_115' title="bbox 2134 5598 3718 5675">
     <span class='ocr_line' id='line_1_115' title="bbox 2134 5598 3718 5675; baseline -0.006 -16"><span class='ocrx_word' id='word_1_804' title='bbox 2134 5598 2258 5675; x_wconf 72' lang='lat' dir='ltr'><strong>pius</strong></span> <span class='ocrx_word' id='word_1_805' title='bbox 2298 5598 2354 5659; x_wconf 76' lang='lat' dir='ltr'><strong>irt</strong></span> <span class='ocrx_word' id='word_1_806' title='bbox 2406 5605 2694 5661; x_wconf 70' lang='lat' dir='ltr'><strong>Oribast’o:</strong></span> <span class='ocrx_word' id='word_1_807' title='bbox 2729 5604 2941 5675; x_wconf 72' lang='grc' dir='ltr'>Ὥσπερ</span> <span class='ocrx_word' id='word_1_808' title='bbox 2980 5605 3099 5666; x_wconf 78' lang='grc' dir='ltr'>’τοῖς</span> <span class='ocrx_word' id='word_1_809' title='bbox 3157 5598 3421 5675; x_wconf 62' lang='grc' dir='ltr'>Ἀθήνῃσι</span> <span class='ocrx_word' id='word_1_810' title='bbox 3466 5598 3718 5675; x_wconf 53' lang='grc' dir='ltr'>γεγοςνῲι</span> 
     </span>
    </p>
   </div>
   <div class='ocr_carea' id='block_1_116' title="bbox 2140 5670 3718 5742">
    <p class='ocr_par' dir='ltr' id='par_1_116' title="bbox 2140 5670 3718 5742">
     <span class='ocr_line' id='line_1_116' title="bbox 2140 5670 3718 5742; baseline -0.006 -15"><span class='ocrx_word' id='word_1_811' title='bbox 2140 5670 2283 5728; x_wconf 66' lang='grc' dir='ltr'>κατὰ</span> <span class='ocrx_word' id='word_1_812' title='bbox 2306 5677 2434 5738; x_wconf 85' lang='grc' dir='ltr'>τοὺς</span> <span class='ocrx_word' id='word_1_813' title='bbox 2464 5675 2655 5742; x_wconf 86' lang='grc' dir='ltr'>λόγους</span> <span class='ocrx_word' id='word_1_814' title='bbox 2701 5672 2867 5736; x_wconf 85' lang='grc' dir='ltr'>πολὺς</span> <span class='ocrx_word' id='word_1_815' title='bbox 2909 5670 3024 5726; x_wconf 67' lang='grc' dir='ltr'>ἄνω</span> <span class='ocrx_word' id='word_1_816' title='bbox 3059 5673 3231 5740; x_wconf 75' lang='grc' dir='ltr'>χωρεῖ</span> <span class='ocrx_word' id='word_1_817' title='bbox 3253 5670 3434 5739; x_wconf 81' lang='grc' dir='ltr'>λόγος,</span> <span class='ocrx_word' id='word_1_818' title='bbox 3469 5673 3555 5723; x_wconf 84' lang='grc' dir='ltr'>ὃτι</span> <span class='ocrx_word' id='word_1_819' title='bbox 3597 5670 3718 5721; x_wconf 76' lang='grc' dir='ltr'><strong>’Δτ-</strong></span> 
     </span>
    </p>
   </div>
   <div class='ocr_carea' id='block_1_117' title="bbox 2138 5742 3172 5815">
    <p class='ocr_par' dir='ltr' id='par_1_117' title="bbox 2138 5742 3172 5815">
     <span class='ocr_line' id='line_1_117' title="bbox 2138 5742 3172 5815; baseline -0.001 -20"><span class='ocrx_word' id='word_1_820' title='bbox 2138 5746 2262 5814; x_wconf 83' lang='grc' dir='ltr'>τικὴ</span> <span class='ocrx_word' id='word_1_821' title='bbox 2295 5744 2492 5815; x_wconf 83' lang='grc' dir='ltr'>μοῦσα,</span> <span class='ocrx_word' id='word_1_822' title='bbox 2523 5743 2618 5797; x_wconf 74' lang='grc' dir='ltr'>καὶ</span> <span class='ocrx_word' id='word_1_823' title='bbox 2641 5742 2704 5797; x_wconf 80' lang='grc' dir='ltr'><strong>τὸ</strong></span> <span class='ocrx_word' id='word_1_824' title='bbox 2731 5742 2932 5809; x_wconf 79' lang='grc' dir='ltr'>ἀγαθὸν</span> <span class='ocrx_word' id='word_1_825' title='bbox 2951 5743 3172 5794; x_wconf 81' lang='grc' dir='ltr'>οἰκεῖον.</span> 
     </span>
    </p>
   </div>
  </div>
