3838 6236
230 403 373 460 1525

736 534 1087 590 ΕΠΙΣΤΟΛῆ
1124 537 1310 606 ΡΛςῖν.

803 647 1229 717 Ἐρκουλιανῷ.
1768 701 1797 713 μ

297 736 362 789 Ei
388 736 489 807 τῆς
530 738 829 803 Ὀδυσσέως
850 741 1059 812 πλάνης
1090 744 1279 812 κέρδος
1307 744 1507 816 ἔφησεν
1536 747 1805 819 Ὅμηρος,

228 824 441 878 πολλῶν
473 825 777 899 ἀνθρώπων
812 828 941 883 ίδεῖν
987 847 1048 883 τε
1099 832 1303 896 ἄστεα,
1353 836 1447 888 καὶ
1476 836 1675 905 γνῶναι
1717 837 1808 889 τὸν

231 916 348 969 νόον
376 932 389 947 ·
432 919 524 971 καὶ
551 918 725 973 ταῦτα
756 921 856 993 τῆς
887 924 1303 995 προσορμῖσεως
1335 927 1484 999 αὐτῷ
1513 930 1811 1000 γενομένης

222 1011 294 1063 οὐ
326 1012 460 1079 πρὸς
488 1012 689 1083 ἄνδρας
717 1015 1025 1085 χαρίεντας,
1052 1017 1188 1071 ἀλλά
1221 1020 1359 1091 πρὸς
1380 1021 1809 1092 Λαιστρυγόνας,

234 1105 330 1155 καὶ
376 1102 725 1168 Κύκλωπας⁶
781 1102 817 1177 ἦ
866 1125 969 1161 που
1021 1109 1347 1181 θαυμαστῶς
1396 1113 1464 1167 ἂν
1514 1115 1547 1184 ή
1592 1115 1812 1185 ποίησις

236 1194 442 1265 ὕμνησε
485 1194 600 1267 [γρ.
641 1192 772 1271 ᾖσεν
804 1200 837 1268 ή
867 1199 1005 1271 ποί.]
1032 1202 1131 1272 τὴν
1156 1203 1297 1273 ὲμήν
1329 1221 1386 1256 τε
1421 1203 1515 1257 καὶ
1546 1204 1642 1277 σὴν
1674 1206 1811 1259 ἀπο-

230 1282 296 1351 δη
305 1282 455 1353 μίαν,
488 1285 875 1355 παρασχοῦσαν
905 1288 1040 1357 ἡμῖν
1066 1290 1147 1353 εἰς
1170 1293 1366 1361 πεῖραν
1392 1291 1563 1345 ἐλθεῖν
1589 1293 1698 1346 τῶν
1719 1293 1814 1347 καὶ

233 1374 320 1428 διά
349 1376 538 1446 φήμης
567 1377 996 1447 ἀπιστουμένων.
1026 1381 1301 1435 Αὐτόπται
1327 1383 1436 1454 γάρ
1455 1401 1538 1437 τοι
1558 1386 1652 1438 καὶ
1682 1386 1814 1438 αὑτ-

234 1469 385 1538 ήκοοι
422 1469 727 1539 γεγόναμεν
757 1470 856 1541 τῆς
892 1472 1122 1542 γνησίας
1155 1474 1532 1545 καθηγεμόνος
1582 1477 1689 1531 τῶν
1724 1495 1815 1545 φι-

234 1557 489 1626 λοσοφίας
534 1557 648 1629 [ῃο.
681 1560 779 1630 τῆς
808 1561 1085 1634 φιλοσοφ.]
1131 1565 1349 1637 ὀργίων.
1395 1567 1459 1618 Εἰ
1493 1566 1551 1619 δὲ
1591 1567 1684 1620 καὶ
1719 1569 1814 1620 ἀν·

238 1649 514 1721 θρωπικαὶ
558 1654 738 1722 χρεῖαι
780 1654 907 1716 τοὺς
947 1655 1383 1726 κοινωνήσαντας
1420 1657 1655 1711 διαθέσει
1692 1674 1818 1711 συν-

231 1738 447 1795 δέουσιν
470 1756 485 1771 ’
521 1742 672 1812 ἡμᾶς
699 1741 841 1796 κατά
869 1743 961 1796 τὸν
987 1744 1111 1797 νοῦν
1129 1746 1237 1797 τῶν
1266 1747 1325 1799 ὲν
1355 1748 1487 1815 ἡμῖν
1515 1748 1576 1800 τὺ
1598 1747 1818 1818 ἄριστον

241 1833 672 1904 συγγενομένους
706 1834 849 1899 θεῖος
880 1837 1103 1888 ἀπαιτεῖ
1129 1836 1292 1907 νόμος
1322 1838 1599 1907 τάλλήλων
1627 1841 1813 1910 τιμᾷν.

1362 416 1746 476 Episrous.
1777 450 1849 462 -
1880 422 2098 481 EPIST.
2133 408 2416 483 CXXXVI.

1836 553 1885 608 A

3359 433 3380 486 l
3395 432 3497 487 5225

2363 547 2702 603 EPISTOLA
2754 548 3039 619 CXXXVI.
3352 546 3355 551 ’

2535 660 2885 715 Ilerculiano.

1982 748 2038 802 Si
2071 764 2136 803 ex
2181 747 2396 821 Ulyssis
2454 751 2737 807 erroribus
2790 754 3001 807 lucrum
3057 753 3161 805 hoc
3223 751 3505 806 exstitisse

1909 837 2183 895 Homerus
2207 841 2431 905 cecinit,
2453 842 2753 894 multorum
2781 841 3061 895 hominum
3091 844 3253 895 urbes
3280 840 3502 903 intueri,

1911 945 2202 1000 moresque
2235 946 2604 1001 cognoscere;
2641 932 2951 1001 praesertim
2990 937 3113 985 etim
3168 946 3275 985 non
3308 931 3373 984 ad
3400 945 3503 1001 po-

1911 1021 2036 1075 litos
2086 1022 2334 1078 humines
2383 1024 2702 1092 appelleret,
2746 1023 2842 1079 sed
2902 1024 2968 1077 ad
3022 1023 3404 1094 Laestrygonas
3450 1030 3506 1077 et

1911 1115 2217 1186 CycIOpas:
2250 1117 2443 1184 procul
2475 1116 2645 1169 dubio
2694 1100 2955 1183 majorem
3007 1115 3061 1169 in
3099 1116 3319 1169 modum
3356 1124 3504 1168 tuam

1913 1224 2200 1276 meamque
2253 1207 2743 1276 peregrinationem
2772 1207 2959 1275 poesis
2991 1205 3350 1266 celebrasset,
3399 1219 3505 1273 qua

1914 1300 2072 1354 nobis
2105 1298 2404 1367 periculum
2437 1312 2627 1352 eorum
2675 1288 2855 1352 facere
2887 1312 3214 1351 concessum
3246 1305 3353 1359 est,
3385 1310 3507 1364 quae

1917 1390 2059 1444 fama
2118 1390 2303 1444 audita
2363 1390 2705 1445 incredibilia
2770 1389 3117 1445 videbantur.
3193 1387 3298 1458 Ipsi
3356 1388 3503 1441 enim

1916 1488 2253 1551 spectatores
2300 1486 2464 1547 atque
2508 1479 2790 1533 auditores
2836 1490 3108 1548 germana:
3143 1474 3509 1543 philosophia:

1919 1586 2200 1627 sacrorum
2239 1571 2395 1625 ducis
2437 1584 2500 1623 ac
2538 1570 2812 1639 magistrae
2858 1567 3080 1622 fuimus.
3115 1565 3271 1631 Quod
3310 1566 3355 1618 si
3404 1565 3509 1617 hu-

1918 1677 2078 1716 mana
2125 1661 2338 1731 negotia
2388 1674 2578 1714 eorum
2630 1659 3015 1714 communione
3067 1657 3394 1725 conjunctos
3424 1654 3506 1707 al-

1922 1753 2063 1808 fectu
2112 1754 2254 1807 inter
2301 1769 2359 1807 se
2387 1751 2644 1822 colligant
2676 1765 2739 1805 ac
2770 1748 3090 1805 devinciunt
3119 1767 3135 1813 ;
3177 1762 3275 1800 nos
3317 1747 3505 1815 utique

1922 1850 2104 1897 mente
2130 1842 2500 1905 consociatos,
2532 1855 2654 1908 quac
2700 1855 2827 1909 pars
2877 1847 2962 1895 est
3005 1840 3176 1893 nostri
3211 1837 3502 1906 prmcipua,

252 1922 394 1990 Ἐγὼ
438 1924 537 1995 μὲν
573 1920 664 1979 οῦν
708 1926 804 1978 καὶ
836 1926 937 1995 τῆς
966 1926 1285 1997 σωματικῆς
1312 1928 1600 1998 συνηθείας
1627 1930 1820 1983 ἀπολε-

1935 1933 2128 1987 nostris
2161 1933 2391 1985 invicem
2428 1932 2592 1986 rebus
2640 1931 2861 1986 studere
2890 1930 3076 1985 divina
3111 1929 3196 1983 lex
3228 1927 3503 1997 efﬂagitat.

238 2014 474 2079 ὶαυκὼς,
518 2017 651 2087 ὸρᾷν
678 2035 739 2069 τε
770 2018 976 2071 ἀπόντα
1019 2019 1193 2082 δοκῶ,
1249 2020 1311 2072 τὸ
1344 2021 1667 2074 ὲναποτεθὲν
1714 2023 1821 2075 ἀπὸ

240 2102 339 2171 τῆς
375 2101 666 2166 διαθέσεως
707 2101 846 2169 εἶδος
893 2108 1384 2180 προχειριζομένης
1424 2110 1527 2178 τῆς
1576 2111 1818 2181 μνήμης.

233 2194 336 2246 καὶ
368 2193 636 2264 ὲμόομόεῖ
664 2213 765 2267 μου
797 2200 919 2261 ταῖς
946 2199 1133 2263 ἀκοαῖς
1163 2202 1196 2270 ή
1235 2199 1566 2271 θαυμαστῶς
1591 2202 1823 2271 γλυκεῖα

249 2282 349 2338 τῶν
380 2286 539 2354 ιερῶν
576 2303 669 2338 σου
702 2287 899 2355 λογίων
935 2288 1057 2361 [γρ.
1090 2290 1289 2363 λόγων]
1325 2293 1463 2365 ὴχώ.
1510 2297 1583 2349 Σὺ
1611 2296 1666 2349 δὲ
1692 2298 1822 2367 ἡμῖν

236 2374 399 2446 εἴπερ
431 2378 529 2446 οὐχ
557 2376 731 2442 οὕτως
762 2379 924 2449 ἔχεις,
951 2382 1155 2447 ἀδικεῖς
1182 2398 1196 2413 ’
1231 2385 1280 2437 εἰ
1310 2385 1367 2438 δὲ
1399 2384 1564 2457 ἔχεις,
1593 2388 1653 2440 οὐ
1682 2388 1825 2457 μέγα

244 2468 436 2530 ποιεῖς.
484 2469 775 2534 Ἀποδίδως
820 2472 930 2544 γὰρ
963 2473 1255 2538 διαθέσεως
1299 2476 1539 2548 ὄφλημα.
1572 2480 1739 2532 Ὅταν
1769 2479 1825 2532 δὲ

243 2557 380 2625 πρὸς
401 2558 501 2628 τὴν
526 2559 583 2612 ἐν
611 2560 897 2634 φιλοσοφίᾳ
939 2566 1221 2617 κοινωνίαν
1253 2567 1452 2633 ἀπίδω,
1486 2568 1581 2622 καὶ
1610 2570 1825 2637 φιλοσο-

242 2648 370 2716 φίαν
394 2651 609 2722 ἐκείνην
638 2655 770 2724 περὶ
801 2650 868 2727 ἦς
893 2656 1063 2709 πολλά
1098 2659 1521 2731 συγκεκύφαμεν
1543 2676 1559 2694 ·
1587 2661 1827 2715 ἐνταῦθα

242 2741 344 2811 ἢῖη
396 2742 489 2795 τοῦ
548 2744 809 2817 λογισμοῦ
861 2749 1185 2819 γινόμενος,
1241 2752 1359 2822 Θεῷ
1406 2753 1676 2825 βραϐευτῇ
1729 2756 1826 2825 τὴν

246 2832 537 2901 συντυχίαν
559 2833 719 2904 ἡμῶν
748 2837 1061 2908 ἀνατίθημι.
1092 2839 1168 2891 Οὐ
1196 2840 1304 2911 γὰρ
1338 2841 1403 2895 ἂν
1428 2843 1521 2895 ἀπ’
1550 2843 1828 2906 ἐλάττονος

243 2922 280 2992 ἦ
324 2922 474 2987 θείας
515 2926 694 2990 αἰτίας
740 2928 1022 2993 Συνέσιος,
1075 2934 1103 2984 ὁ
1135 2933 1197 2984 rb
1227 2935 1460 3003 πρᾶγμα
1486 2936 1687 3005 ἥκιστα
1734 2935 1830 3005 δη-

243 3012 535 3081 μοσιεύων,
568 3016 663 3068 καὶ
686 3015 960 3081 πλείστοις
992 3020 1089 3088 μὲν
1117 3020 1311 3086 συνὼν,
1341 3023 1428 3075 ἐπ’
1455 3023 1829 3094 ἀνθρωπικαῖς

242 3105 305 3157 δὲ
333 3108 636 3171 κοινωνίαις
668 3109 766 3171 τάς
815 3110 1102 3174 συνουσίας
1139 3112 1480 3183 ποιούμενος,
1510 3115 1827 3184 φιλοσοφίαν

1921 2023 2186 2091 Equidem
2217 2022 2377 2091 273
2408 2037 2530 2076 cum
2571 2022 2857 2091 priesentis
2892 2034 3122 2089 corpore
3163 2021 3239 2071 tui
3275 2032 3507 2071 consue-

1922 2117 2110 2172 tudine
2134 2132 2253 2169 sum
2282 2131 2415 2171 usus
2443 2115 2757 2186 aliquando,
2794 2116 3075 2170 absentem
3112 2113 3315 2168 intueri
3349 2113 3511 2166 modo

1924 2209 2133 2272 videor,
2168 2209 2401 2277 speciem
2437 2215 2491 2262 et
2526 2208 2818 2278 imaginem
2862 2221 2929 2261 ex
2969 2204 3162 2259 affectu
3192 2217 3510 2274 expressam

1926 2308 2347 2369 repraesentante
2373 2301 2655 2363 memoria,
2688 2314 2752 2353 ac
2791 2299 2929 2353 meis
2956 2298 3179 2352 auribus
3211 2297 3510 2351 etiamnum

1925 2393 2125 2445 mirum
2186 2391 2239 2444 in
2291 2391 2513 2445 modum
2561 2390 2745 2445 suavis
2809 2390 2901 2444 ilia
2956 2403 3238 2444 sacrorum
3290 2396 3510 2442 tuorum

1926 2497 2239 2537 sermonum
2273 2497 2375 2535 vox
2420 2482 2659 2536 insonat.
2692 2479 2771 2533 Tu
2822 2494 2951 2534 vero
2993 2479 3098 2533 nisi
3148 2479 3221 2532 ita
3254 2494 3313 2533 es
3373 2477 3503 2532 θιγο-

1926 2583 2070 2637 ctus,
2116 2575 2372 2643 iujuriam
2426 2573 2593 2634 facis;
2651 2574 2733 2626 sin
2784 2581 2837 2627 et
2886 2570 3149 2634 affectus,
3195 2585 3303 2625 non
3361 2570 3508 2623 mul-

1927 2676 2041 2721 tum
2108 2666 2263 2720 facis.
2316 2665 2534 2721 Amoris
2589 2665 2732 2718 enim
2790 2662 3033 2717 debitum
3094 2662 3372 2731 rependis.
3406 2660 3511 2715 Sed

1928 2770 2049 2810 cum
2096 2754 2164 2808 ad
2210 2754 2355 2807 illam
2402 2753 2456 2808 in
2517 2751 2872 2821 philosophia:
2925 2750 3124 2805 studiis
3172 2749 3515 2804 communio-

1928 2860 2052 2899 nem
2111 2843 2382 2912 respicio,
2444 2842 2703 2911 illamque
2760 2841 2931 2910 ipsam
2975 2839 3412 2908 philosophiam,
3460 2838 3514 2891 in

1930 2949 2091 3003 quam
2126 2933 2220 2995 diu
2248 2948 2312 2986 ac
2342 2933 2574 2985 multum
2606 2931 2996 2987 incubuimus:
3024 2929 3116 2982 ubi
3148 2944 3235 2992 eo,
3269 2928 3513 2997 inquam,

1929 3022 2308 3079 ratiocinando
2361 3024 2605 3091 perveni,
2650 3021 2872 3085 rectori,
2915 3018 3359 3087 modet'atorique
3408 3016 3517 3070 Deo

1930 3128 2223 3167 occursum
2254 3112 2396 3165 hunc
2430 3120 2683 3167 nostrum
2713 3107 2955 3165 tribuere
2987 3110 3155 3163 soleo.
3188 3108 3340 3160 llaud
3370 3107 3513 3160 enim

241 3197 306 3303 δὲ
350 3199 408 3250 ὲν
438 3198 704 3303 ’ἀρρήτων
742 3201 1132 3271 ἀρῤητοτάτοις
1165 3182 1322 3273 ἔχων,
1355 3204 1494 3258 οὕτω
1524 3182 1827 3277 προχείρως

1935 3205 2135 3260 leviore
2165 3203 2365 3270 aliqua,
2396 3218 2558 3272 quam
2592 3202 2777 3256 divina
2811 3182 3067 3255 molienti:
3115 3214 3178 3253 ac
3209 3199 3516 3252 destinante

250 3286 485 3354 ἐμαυτόν
530 3304 620 3351 τε,
671 3290 765 3342 καὶ
816 3290 885 3343 τά
931 3292 1171 3361 ἐμαυτοῦ
1214 3295 1471 3364 κτήματα
1518 3296 1829 3366 ἀνεκάλυψα

241 3375 407 3447 ἀνδρὶ
447 3379 763 3450 καταϐραχὺ
809 3381 952 3435 δόντι
989 3399 1079 3452 μοι
1120 3383 1215 3436 καὶ
1259 3383 1475 3439 λαϐόντι
1518 3387 1609 3440 τὸν
1649 3387 1825 3455 λόγον.

267 3467 419 3520 Ἐπεὶ
447 3468 493 3521 δ’
522 3465 615 3524 οὖν
642 3471 832 3539 γέγονέ
860 3490 944 3537 τις
975 3469 1150 3538 οὗτος,
1185 3476 1321 3546 πρὸς
1348 3476 1406 3529 ὃν
1436 3474 1831 3548 ὲξωρχησάμην

252 3558 325 3612 τὰ
344 3560 477 3623 τέως
508 3560 620 3631 (74)
644 3565 979 3628 ἀνέκπυστα,
1010 3565 1103 3618 καὶ
1126 3566 1231 3635 τῆς
1256 3570 1427 3635 σοφῆς
1449 3566 1541 3620 τοῦ
1566 3568 1832 3638 Πρωτέως

248 3650 600 3722 ἐπελαθόμην
631 3654 826 3724 τέχνης
849 3672 863 3686 ·
902 3656 963 3708 οὐ
992 3656 1099 3725 γὰρ
1135 3655 1267 3726 ἄλλη
1298 3674 1381 3718 τις
1413 3653 1502 3727 ἦν,
1536 3658 1569 3729 ἢ
1600 3661 1833 3711 συνεῖναι

254 3744 372 3805 τοῖς
400 3743 700 3815 ἀνθρώποις
727 3746 786 3797 οὐ
818 3745 998 3809 θείως,
1034 3747 1171 3800 ἀλλά
1203 3748 1499 3812 πολιτικῶς
1519 3765 1533 3779 ο
1583 3749 1705 3801 ἐπεὶ
1742 3749 1835 3816 γέ-

252 3849 384 3901 γονε
432 3834 590 3887 τοῦτο
613 3874 629 3898 ,
675 3837 735 3889 οὐ
774 3838 1111 3907 προθεμένης
1144 3856 1233 3908 μοι
1264 3840 1363 3909 τῆς
1414 3838 1676 3910 γνώμης,
1720 3840 1832 3893 ἀλλ’

254 3926 738 3980 ἁκατασκεύαστον
768 3927 919 3997 ἄφνω
946 3929 1213 4000 παρελθὸν
1232 3968 1249 3993 ,
1300 3930 1409 3997 ἐγὼ
1436 3930 1567 3983 Θεὸν
1592 3930 1837 4000 ἡγεμόνα

247 4017 353 4069 *τοῦ
386 4017 689 4088 παραδόξου
733 4018 1054 4090 λογίζομαι,
1104 4022 1236 4091 παρ’
1267 4015 1327 4075 οὗ
1355 4020 1508 4082 τέλος
1542 4020 1837 4090 αἰτήσομεν

252 4108 371 4161 τῶν
398 4108 464 4161 δι’
493 4109 653 4162 αὐτὸν
685 4110 998 4180 ἡργμένων.
1045 4112 1156 4163 Καὶ
1183 4111 1300 4182 δοίη
1334 4112 1450 4181 μετ’
1478 4110 1723 4182 ἀλλήλων
1749 4131 1840 4182 φι-

257 4201 529 4268 λοσοφεῖν.
584 4202 646 4253 Ei
687 4201 743 4255 δὲ
776 4201 849 4273 μὴ
878 4200 1056 4267 τοῦτο,
1102 4202 1316 4265 πάντως
1360 4185 1686 4271 φιλοσοφεῖν.
1748 4203 1839 4265 Ὦς

262 4288 440 4357 ἔγωγε
487 4289 703 4353 ἐνόντας
743 4290 831 4361 μοί
863 4307 1017 4353 τινας
1060 4292 1127 4361 τῇ
1161 4290 1305 4361 ψυχῇ
1352 4291 1542 4359 λόγους
1584 4291 1840 4363 περὶτῆς

259 4380 618 4445 ὑποθέσεως,
672 4382 740 4452 ἣν
801 4382 1378 4453 ὲπραγματευόμεθα,
1427 4382 1688 4452 καταχέαι
1741 4383 1840 4454 μὲν

261 4472 440 4525 ὠδίνω
462 4473 561 4541 τῆς
584 4473 870 4542 ἐπιπολῆς
894 4490 907 4503 ·
942 4474 1002 4526 οὗ
1038 4474 1143 4544 μὴν
1167 4474 1326 4527 τοῦτο
1358 4474 1590 4544 ποιήσω.
1621 4474 1712 4526 Σοὶ
1731 4474 1840 4545 γὰρ

1931 3310 2118 3358 causa,
2149 3293 2438 3365 Syneslus,
2468 3294 2561 3361 qui
2604 3308 2716 3348 rem
2749 3292 3017 3362 ejusmodi
3048 3291 3271 3345 minime
3314 3294 3366 3344 in
3399 3292 3514 3344 vul-

1932 3402 2032 3456 gus
2073 3386 2359 3440 enuntiare
2403 3385 2646 3449 soleam;
2693 3384 2895 3453 quique
2930 3383 3035 3437 etsi
3083 3397 3205 3434 cum
3238 3382 3515 3451 plerisque

1933 3473 2274 3528 familiariter
2329 3474 2530 3536 vivam,
2571 3488 2690 3527 eam
2751 3480 2931 3527 tamen
2964 3471 3399 3524 familiaritatem
3445 3470 3517 3523 ob

1935 3564 2227 3617 humanam
2270 3564 2504 3633 aliquam
2554 3562 2992 3617 communionem
3044 3562 3360 3631 suscipiam,
3393 3561 3515 3630 phi-

1934 3654 2236 3723 IOSOphiam
2286 3670 2414 3707 vero
2461 3653 2514 3706 in
2559 3651 2773 3707 arcanis
2837 3667 2899 3706 ac
2952 3652 3177 3706 secretis
3222 3650 3386 3705 rebus
3433 3666 3518 3703 se-

1935 3745 2291 3800 cretissimam
2341 3744 2605 3797 habeam:
2640 3755 2748 3797 tam
2800 3742 2955 3796 facile
2993 3742 3282 3811 meipsum,
3320 3757 3517 3810 meque

1935 3837 2118 3891 omnia
2176 3834 2381 3888 homini
2441 3834 2659 3899 detexi,
2722 3848 2956 3902 quocum
3024 3834 3299 3899 paululum
3376 3834 3515 3886 ultro

1936 3929 2183 3995 citroque
2227 3939 2534 3985 sermonem
2585 3924 2811 3978 contuli.
2867 3922 2972 3977 Sed
3023 3924 3280 3992 quoniam
3319 3924 3516 3993 aliquis

1937 4016 2155 4070 demum
2186 4015 2439 4069 inventus
2467 4020 2571 4078 est,
2605 4013 2747 4084 apud
2783 4028 2942 4083 quem
2975 4012 3217 4066 inaudita
3247 4013 3513 4076 elferrcm,

1939 4119 1991 4163 et
2018 4106 2302 4177 prudentis
2326 4106 2469 4159 illius
2505 4105 2686 4161 Protei
2716 4104 2934 4159 artificii
2967 4119 3087 4158 sum
3114 4105 3338 4168 oblitus,
3372 4105 3517 4175 quod

1939 4195 2073 4250 nihil
2100 4194 2244 4249 aliud
2285 4194 2406 4257 fuit,
2435 4208 2596 4261 quam
2642 4208 2764 4246 cum
2819 4192 3134 4246 hominibus
3171 4207 3276 4245 non
3310 4192 3514 4259 divina,

1941 4285 2035 4340 sed
2089 4285 2233 4339 civili
2274 4284 2484 4337 ratione
2528 4282 2754 4336 versari.
2788 4281 3053 4347 Quoniam
3087 4281 3249 4351 igitur
3278 4282 3351 4335 ita
3381 4295 3515 4336 con-

1941 4377 2085 4446 tigit,
2130 4389 2239 4429 non
2298 4374 2443 4444 quod
2508 4381 2633 4428 ante
2688 4372 3097 4427 constituissem
3159 4372 3370 4433 animo,
3422 4371 3519 4425 sed

1942 4465 2089 4535 quod
2124 4466 2259 4518 citra
2299 4464 2537 4519 studium
2562 4478 2593 4517 e
2639 4477 2697 4516 re
2732 4471 2859 4515 nata
2899 4461 3174 4516 succurrit
3218 4480 3233 4514 :
3270 4476 3369 4531 ego
3408 4471 3517 4515 tam

267 4563 336 4617 ἂν
383 4562 525 4616 κατά
570 4563 703 4615 Θεὸν
737 4563 942 4631 γένοιτο
990 4564 1347 4633 συγγενέσθαι
1401 4566 1495 4618 καὶ
1544 4566 1674 4634 ἡμῖν
1711 4565 1828 4635 περῒ

1944 4555 2208 4626 inopinati
2248 4563 2472 4610 eventus
2504 4554 2695 4607 ducem
2743 4562 2795 4606 et
2839 4558 3115 4606 auctorem
3161 4549 3331 4606 Deum
3376 4551 3519 4621 apud

258 4653 492 4715 τούτων,
524 4654 619 4706 καλ⁸
642 4652 854 4715 πολλοῖς
896 4653 1115 4723 ἄμεινον
1140 4655 1353 4708 εἰδόσιν.
1396 4655 1549 4724 Ἐμοὶ
1575 4654 1629 4707 δὲ
1659 4654 1718 4706 οὺ
1738 4671 1838 4706 κα-

266 4743 378 4807 λῶς
422 4744 534 4813 ἔχει
584 4745 945 4814 γραμματείῳ
980 4743 1255 4799 πιστεύειν
1299 4745 1365 4797 τά
1402 4744 1599 4798 τοιάδε.
1633 4743 1706 4796 Τὸ
1735 4746 1841 4814 γάρ

266 4840 370 4908 τῆς
397 4838 686 4909 ἐπιπολῆς
730 4840 959 4909 πρᾶγμα
1007 4839 1105 4892 οὐκ
1150 4838 1411 4909 ὲχέμυθον
1441 4857 1453 4869 ·
1506 4838 1640 4892 ἀλλά
1681 4839 1844 4906 φύσιν

268 4931 384 5001 εχει
410 4932 487 5002 τῷ
520 4931 861 5001 περιτυχόντι
908 4931 1406 5000 προσδιαλέγεσθαι.
1452 4932 1721 5001 Ἐρρωσο,
1752 4930 1846 4983 καὶ

273 5022 576 5092 φιλοσόφει,
622 5024 716 5076 καὶ
763 5021 992 5075 διατέλει
1036 5022 1097 5074 τὸ
1125 5023 1182 5073 ὲν
1221 5024 1354 5092 ήμῖν
1396 5022 1845 5092 ἀνακεχωσμένον

266 5112 431 5181 ὄμμα
460 5111 783 5183 ἀνορύττων.
828 5110 903 5163 Τὸ
937 5110 1045 5179 γάρ
1087 5126 1171 5162 τοι
1216 5109 1362 5178 βιοῦν
1410 5108 1615 5180 ὀρθῶς,
1656 5110 1749 5163 ἅτε
1786 5109 1845 5163 ὃν

272 5199 430 5273 οἶμαι
477 5204 758 5275 προοίμιον
794 5201 887 5255 τοῦ
919 5203 1135 5272 φρονεῖν
1155 5239 1170 5264 ,
1207 5199 1313 5253 ὑπὸ
1340 5201 1447 5253 τῶν
1478 5201 1716 5271 ἀρχαίων
1752 5201 1847 5253 καὶ

278 5294 556 5365 φρονίμων
586 5292 797 5363 ἀνδρῶν
832 5291 1225 5358 σπουδάζεσθαι
1255 5290 1594 5361 κατεδείχθη.
1628 5292 1720 5361 Μὴ
1746 5308 1847 5344 κα-

1945 4663 2031 4701 me
2066 4654 2290 4715 reputo;
2328 4659 2356 4696 a
2388 4658 2495 4711 quo
2545 4642 2754 4695 felicem
2803 4640 3005 4695 exitum
3041 4641 3386 4709 precabimur
3422 4654 3519 4693 eo-

1946 4753 2088 4800 rum,
2120 4750 2241 4805 qme
2277 4749 2372 4803 per
2412 4732 2591 4802 ipsum
2622 4731 2874 4785 inchoata
2912 4736 3057 4784 sunt.
3104 4732 3283 4798 Atque
3311 4730 3518 4783 utinam

1944 4830 2232 4885 nobiscum
2273 4824 2501 4879 invicem
2538 4819 2909 4891 philosophari
2947 4818 3238 4873 concedat!
3287 4818 3389 4885 Sin
3426 4819 3522 4872 mi-

1946 4936 2095 4985 nus,
2152 4925 2207 4971 at
2270 4913 2492 4970 omnino
2549 4912 2737 4966 saltem
2787 4909 3180 4980 pliilOSOphari.
3234 4907 3371 4962 Nam
3419 4925 3522 4979 ego

1951 5010 2243 5064 nonnullos
2290 5018 2572 5062 sermones
2612 5002 2679 5056 de
2722 5016 2788 5056 eo
2831 5008 3171 5071 argumento,
3220 4998 3366 5069 quod
3409 5009 3522 5054 tra-

1952 5101 2256 5165 ctabamus,
2312 5101 2664 5152 occurrentes
2714 5091 2896 5145 animo
2935 5105 3093 5154 meo,
3144 5089 3357 5146 tametsi
3405 5091 3523 5161 epi-

1952 5192 2105 5246 stolae
2151 5187 2491 5244 committere
2536 5184 2785 5254 gestiam,
2831 5194 2941 5235 non
2992 5180 3042 5235 id
3082 5189 3265 5236 tamen
3302 5180 3519 5235 faciam.

1952 5281 2179 5336 Dabitur
2213 5279 2358 5333 enim
2406 5273 2699 5345 aliquando
2735 5272 2857 5338 tibi,
2888 5271 3098 5327 favente
3126 5270 3271 5336 Deo,
3310 5286 3520 5327 mecum

1511 5442 1690 5497 DlON.
1763 5433 2035 5496 PETAVH
2085 5430 2317 5489 ΝΟΤΔΕ.

350 5600 468 5668 (74)
500 5600 654 5667 Πρὸς
698 5600 769 5652 ὃν
804 5597 1241 5669 ἐξωρχησάμην
1278 5598 1351 5651 τὰ
1375 5597 1538 5669 τέως.
1576 5597 1845 5669 Ἐξορχεί-

286 5665 413 5723 σθαι
452 5665 693 5722 verbum
752 5676 837 5723 est
901 5665 1077 5723 sacris
1118 5665 1443 5736 retegendis
1478 5665 1848 5736 aptissimum,

283 5739 438 5806 quod
465 5736 834 5806 ὲκπομπεύειν
865 5737 934 5789 τὰ
966 5733 1277 5806 μυστήρια(
1293 5737 1398 5806 alia
1430 5733 1564 5806 voce
1587 5735 1724 5806 dixit
1749 5733 1851 5806 ⁸ιεί-

1957 5595 2198 5651 deterius
2221 5593 2507 5663 accipitur,
2533 5598 2591 5663 ut
2624 5591 2764 5661 apud
2783 5589 3037 5663 eumdem
3056 5589 3214 5663 epist.
3248 5589 3517 5663 proxima,

1959 5666 2063 5719 hoc
2090 5670 2174 5717 est
2229 5662 2317 5725 82,
2340 5657 2400 5714 ⁷οί
2422 5657 2739 5730 ἀνδρόγυνοι
2766 5661 3027 5730 dicuntur
3061 5657 3154 5730 τὸν
3180 5657 3521 5730 ἀνθρώπινον

1957 5731 2296 5811 ἐξορχεῖσθαι
2319 5730 2449 5811 βίον.
2476 5725 2944 5811 υβῖέξορχεῖσθσε
2981 5735 3113 5811 puto
3145 5725 3431 5784 idem’esse
3453 5741 3522 5780 ac

284 5794 396 5861 «ὶοε
466 5794 654 5863 Peius.
706 5808 744 5861 ι.
778 5821 824 5867 ι.
855 5794 1016 5866 enisi.
1052 5794 1160 5861 811'
1178 5794 1274 5860 Est.
1309 5805 1403 5862 ubi
1436 5801 1774 5874 ἐξορχεῖσθαι
1799 5803 1828 5857 il

1964 5794 2296 5873 propudiosa
2319 5794 2797 5870 ignominiosaque
2826 5794 3131 5851 traducere.
