3838 6236
418 256 549 312 I507

1463 250 1729 310 SYNESII
1770 252 2236 310 P‘I'OLEMAIDIS
2275 252 2579 309 El‘ISCOPI

3542 255 3673 309 1508

411 367 544 426 lium
599 385 969 426 marmoreum
1039 371 1308 440 requiro:
1371 382 1581 442 quanto
1637 374 1819 443 majus
1866 375 1988 437 eritI

2103 373 2211 444 γὰρ
2245 374 2416 439 κτίζω
2445 374 2507 428 τὸ
2542 376 2913 446 άσκητήριον,
2944 375 3039 430 καὶ
3068 375 3209 443 ἁγνά
3265 372 3433 445 σκεύη
3490 390 3677 445 προευ-

410 469 570 516 tanto
598 461 703 515 erit
733 463 951 517 melius.
980 460 1115 515 Nam
1148 461 1216 515 ad
1245 461 1556 533 Asclepium
1586 463 1749 535 262
1785 464 1987 518 “Illllcn

2094 464 2445 536 τρεπίζομαι.
2477 467 2584 521 Σὺν
2618 467 2737 537 Θεῷ
2768 468 2827 520 δὲ
2855 468 2974 537 είην
3002 467 3447 539 ἐπιϐαλλόμενος.

410 557 793 614 collocahitur.
818 554 986 610 Juxta
1024 556 1170 610 enim
1207 557 1523 613 coenobium
1555 557 1806 623 instituo,
1836 556 1904 610 ad
1932 555 2095 628 idque
2133 572 2264 614 vasa
2291 573 2426 628 pura
2455 571 2521 612 ac
2551 566 2747 614 sancta
2783 573 3053 630 praeparo.
3096 560 3274 631 Atque
3308 560 3517 615 utinam
3553 573 3679 613 cum

412 654 528 710 Deo
551 668 689 722 opus
719 650 1039 723 aggrediar!

885 762 1228 820 EPISTOLA
1265 764 1533 823 CXXVII.

1110 855 1315 914 Fratri.

413 948 610 1021 Aspida
638 952 728 1007 abi
750 946 956 1022 procul,
989 965 1178 1021 angue,
1199 950 1417 1022 rubeta,
1447 960 1497 1005 et
1534 948 1887 1013 Laodicenis.

484 1020 658 1094 lange
683 1020 864 1077 canem
892 1020 1162 1085 rabidum,
1188 1020 1548 1091 Ladiceasque
1574 1022 1786 1075 iterum.

482 1112 689 1169 Verum
724 1122 849 1186 post
873 1113 1361 1179 humanissimum,
1395 1128 1460 1167 ac
1481 1113 1871 1183 philosophum
1901 1127 1998 1182 ap-

411 1206 587 1275 prime
608 1205 953 1273 Pentadium,
984 1205 1293 1269 codicillos.
1316 1219 1459 1275 quos
1486 1204 1829 1276 Egyptiaca:
1858 1221 2001 1274 prte-

412 1296 640 1351 l‘ecturaa
677 1296 895 1365 signum
925 1294 1240 1365 respublica
1279 1294 1596 1358 constituit,
1634 1294 1846 1363 accepit
1899 1293 2001 1348 Ευ-

409 1386 620 1442 thalius
650 1385 1016 1443 Laodicenus.
1038 1386 1458 1441 Adolescentem
1488 1384 1662 1449 nosti,
1684 1385 1802 1454 qui,
1831 1400 1999 1456 quan-

408 1488 525 1534 tum
563 1478 844 1548 conjicere
868 1478 1015 1541 licet,
1050 1478 1157 1533 sub
1188 1477 1331 1533 idem
1362 1477 1655 1533 nobiscum
1688 1488 1903 1548 tempus
1936 1478 1993 1532 in

407 1570 615 1626 castris
646 1580 901 1626 versatus
930 1577 1037 1625 est.
1098 1569 1284 1641 Neque
1314 1570 1462 1626 enim
1511 1570 1681 1625 latere
1714 1570 1868 1625 illum
1898 1580 1994 1625 aut

408 1676 614 1727 mores,
650 1671 748 1717 aut
781 1678 1088 1734 cognomen
1114 1663 1295 1734 ipsum
1334 1663 1611 1720 sinebant.
1652 1662 1990 1733 Marsnpium

406 1753 703 1823 quemdam
736 1752 961 1818 audisti,
997 1753 1092 1824 qui
1136 1769 1246 1807 non
1301 1768 1332 1807 a
1365 1759 1522 1824 patre
1573 1752 1780 1823 egregii
1827 1753 1990 1807 istius

408 1844 650 1901 nominis
681 1844 1054 1899 haereditatem
1085 1843 1382 1914 acceperit,
1417 1843 1515 1899 sed
1557 1842 1691 1898 illud
1733 1842 1838 1897 sibi
1876 1842 1993 1911 ipse

408 1936 705 2007 pepererit.
739 1936 875 1991 Cum
915 1936 1085 2000 enim,
1143 1936 1364 2007 opinor,
1421 1933 1607 2006 Lydia:
1664 1934 1992 2005 praepositus

406 2030 559 2083 circa
590 2026 788 2081 Bullini
824 2034 1069 2097 tempora
1106 2025 1290 2099 Lydos
1321 2034 1571 2090 vexaret,
1604 2040 1668 2081 ac
1701 2026 1991 2097 diriperet,

407 2118 733 2190 indignatus
766 2116 1015 2173 Ruﬂinus
1045 2118 1166 2172 auri
1203 2118 1361 2173 libris
1405 2133 1474 2172 xv
1506 2118 1781 2173 multavit.
1818 2118 1899 2172 Ad
1936 2117 1992 2172 id

407 2211 611 2268 milites
636 2226 705 2266 ex
735 2210 967 2266 cohorte
987 2224 1106 2275 sua,
1126 2217 1187 2265 ut
1207 2210 1458 2281 putabat,
1484 2208 1823 2266 fortissimos
1844 2224 1908 2263 ac
1930 2209 1993 2263 li-

392 2301 720 2359 °delissimos
739 2303 1019 2373 apposuit,
1037 2302 1134 2373 qui
1148 2317 1345 2357 aurum
1367 2301 1501 2357 illud
1519 2302 1787 2357 violenter
1802 2312 1990 2357 extor-

407 2399 526 2446 tum
548 2391 688 2446 bona
718 2391 824 2447 llde
852 2392 921 2446 ad
946 2406 1192 2448 mensam
1224 2406 1380 2448 suam
1402 2391 1707 2448 deferrent.
1753 2391 1894 2458 Quid
1922 2391 1991 2447 ad

407 2484 528 2539 haec
557 2483 833 2555 Sisyphus
869 2484 1013 2539 iste?
1041 2482 1147 2538 Sed
1174 2498 1243 2539 ne
1275 2481 1567 2537 admodum
1607 2484 1828 2553 ineptus
1884 2484 1991 2539 sim

406 2577 547 2633 adeo
562 2577 779 2648 vulgata
799 2577 1122 2633 subtexens.
1135 2576 1400 2631 Auditum
1416 2578 1643 2632 omnino
1664 2578 1763 2631 tibi
1788 2586 1870 2633 est
1894 2592 1993 2648 par

407 2664 543 2722 illud
560 2666 1117 2735 marsupiorum,qu:e
1131 2666 1305 2721 multo
1322 2666 1532 2721 Eumeli
1548 2666 1709 2737 equis
1723 2667 1993 2723 similiora

406 2758 642 2826 faciens,
671 2761 727 2815 in
760 2773 872 2815 uno
900 2759 1121 2831 quidem
1154 2774 1332 2817 aereos
1355 2761 1571 2829 obolos,
1601 2761 1659 2817 in
1695 2761 1870 2817 altero
1898 2776 1994 2816 au-

406 2863 535 2905 reos
556 2864 819 2905 nummos
850 2848 1127 2904 condidit.
1155 2848 1287 2905 Inde
1316 2849 1549 2905 alterum
1574 2850 1771 2905 horum
1801 2859 1993 2906 osten-

404 2938 569 3003 dens,
604 2937 839 2993 alterum
873 2938 1185 3004 occultans,
1235 2938 1328 2994 ubi
1361 2949 1858 3005 ennmeraverunt,
1894 2941 1989 2995 ubi

406 3028 814 3120 appenderunt,
874 3030 969 3085 ubi
1006 3030 1249 3098 denique
1304 3029 1527 3100 publico
1558 3030 1741 3102 sigillo
1790 3046 1987 3086 aurum
2019 3058 2065 3120 ο

406 3119 805 3190 obsignaram,
834 3121 977 3176 clam
1012 3121 1246 3177 alterum
1287 3123 1414 3177 loco
1455 3123 1609 3181 illius
1644 3122 1911 3195 subjecit,
1939 3135 1990 3180 et

406 3225 509 3281 pro
534 3212 720 3267 aureis
751 3212 946 3269 obolos
980 3214 1153 3270 misit.
1188 3214 1258 3269 At
1303 3214 1383 3270 illi
1414 3214 1471 3271 in
1519 3216 1759 3287 publicis
1786 3217 1992 3274 tabulis

405 3302 650 3359 confessi
680 3312 840 3359 erant
868 3321 1036 3375 penes
1078 3322 1139 3363 se
1168 3322 1365 3363 aurum
1397 3322 1555 3377 esse;
1593 3308 1760 3381 idque
1794 3325 1992 3381 quam-

406 3395 645 3466 primum
667 3396 1002 3467 perlaturos.

569 3658 652 3715 Ea:
675 3660 771 3715 illo
798 3660 1037 3732 Παρθικὴ
1075 3670 1351 3731 pastorum
1373 3663 1577 3733 primus
1602 3660 1848 3719 habetur.

479 3811 605 3869 Haec
634 3828 745 3869 una
796 3830 886 3872 res
942 3814 1258 3881 Euthalium
1320 3817 1376 3872 in
1432 3817 1669 3887 amplam
1715 3817 1988 3875 fortunam

413 3908 686 3978 provexit.
721 3905 868 3961 Nulli
934 3909 1081 3971 enim
1122 3911 1271 3967 risus
1319 3926 1420 3981 pro
1464 3912 1741 3982 republica
1803 3913 1990 3969 dolere

407 3998 782 4069 permittebat.
822 3997 931 4053 Sed
968 4007 1029 4053 ut
1056 3999 1235 4056 virum
1285 4016 1400 4071 pra:
1425 4002 1707 4068 omnibus,
1751 4003 1845 4074 qui
1884 4020 1990 4059 un-

404 4104 573 4160 quam
624 4090 974 4155 exstiterant,
1010 4091 1411 4162 praestigiarum
1478 4094 1737 4148 callidum
1800 4095 1991 4151 videre

405 4180 736 4249 gestiebant.
782 4177 942 4235 Venit
1002 4180 1169 4251 igitur
1225 4183 1551 4250 accersitus,
1614 4193 1872 4257 tanquam
1921 4185 1989 4242 de

407 4268 672 4325 Romanis
704 4270 844 4325 bene
894 4272 1147 4337 meritus,
1200 4273 1425 4341 publico
1467 4274 1719 4329 vehiculo
1752 4278 1985 4333 solemni

2614 761 2962 816 ΕΠΙΣΤΟΛΗ
3014 756 3195 820 PKZ'.

2706 852 2790 920 Τῷ
2818 854 3081 924 ἀδελφῷ.

2113 944 2388 1024 Ἀσπίδα,
2419 945 2671 1024 saperem
2698 946 2856 1024 ὄφιν,
3023 948 3320 1024 Λᾳδικέας
3337 951 3681 1024 περιφευγε,

2185 1016 2294 1069 Καὶ
2319 1018 2474 1069 κύνα
2503 1016 2851 1084 λυσσητὴν,
2891 1017 2990 1071 καί
3024 1018 3172 1074 πάλι
3202 1016 3515 1085 Δαδικέαὲ.

2184 1107 2345 1160 Ἀλλὰ
2402 1107 2542 1178 μετὰ
2576 1107 2669 1161 τὸν
2718 1107 3074 1180 ἡμερώτατον
3110 1111 3204 1165 καὶ
3246 1112 3683 1182 φιλοσοφώτατιν

2098 1199 2391 1253 Πεντάδιον
2417 1239 2432 1261 ,
2463 1199 2562 1263 τὰς
2606 1201 2927 1267 πινακίδας,
2978 1200 3045 1265 ἃς
3079 1204 3114 1274 ή
3148 1204 3391 1258 πολιτεία
3430 1206 3681 1280 σύνθημα

2096 1290 2330 1343 ποιεῖται
2354 1289 2453 1360 τῆς
2482 1290 2786 1359 Αἰγυπτίας
2816 1291 2992 1363 ἀρχῆς
3014 1331 3031 1355 ,
3062 1292 3323 1355 Εύθάλιος
3353 1297 3381 1348 ό
3413 1297 3682 1361 Λαδικεὺς

2096 1382 2210 1452 εχει
2228 1382 2427 1439 λαϐὼν.
2452 1378 2623 1436 οἶσθα
2645 1383 2739 1437 τὸν
2767 1384 3067 1447 νεανίσκον,
3086 1383 3163 1448 ὡς
3183 1385 3423 1451 εἰκάζειν
3446 1387 3682 1453 ἔξεστιν,

2095 1473 2202 1526 ὑπὸ
2263 1473 2389 1537 τοὺς
2440 1474 2640 1538 αὐτοὺς
2699 1475 2832 1544 ἡμῖν
2880 1474 3108 1547 χρόνους
3157 1476 3249 1529 ἐπὶ
3314 1478 3684 1547 στρατοπέδου

2098 1565 2446 1634 διαγαγόντα.
2478 1566 2589 1618 Kal
2624 1564 2733 1636 γάρ
2772 1565 2874 1619 οὐκ
2905 1563 2994 1620 οἶα
3043 1565 3329 1621 λανθάνειν
3356 1567 3519 1622 αύτδν
3555 1569 3684 1622 οὔτε

2097 1658 2127 1709 ὁ
2169 1657 2369 1727 τρόπος
2392 1694 2407 1719 ,
2454 1654 2579 1709 οὕτε
2626 1656 2689 1709 τὸ
2719 1656 3029 1728 ἐπώνυμον.
3065 1658 3343 1713 Βάλλαντά
3374 1658 3510 1731 [γρ.
3548 1659 3687 1713 Βαλ-

2098 1747 2337 1820 λαντᾶν]
2364 1762 2487 1802 τινα
2530 1748 2729 1819 ἤκουες
2753 1789 2769 1815 ,
2802 1748 2865 1801 ού
2900 1749 3170 1820 πατρόθεν
3199 1753 3297 1820 τῆς
3326 1750 3528 1821 σεμνῆς
3557 1750 3689 1804 ταύο

2097 1858 2197 1911 της
2236 1839 2605 1912 προσηγορίας
2657 1840 3144 1911 κληρονομήσαντα
3168 1881 3184 1905 ,
3228 1840 3343 1895 ἀλλ’
3381 1841 3545 1895 αὑτὸν
3582 1859 3687 1895 πε-

2102 1934 2546 2011 ριποιησάμενον.
2586 1933 2805 2005 Ἐπειδὴ
2852 1937 2962 2007 γὰρ
2985 1974 3002 2000 ,
3040 1930 3195 2005 οἶμαι
3217 1974 3233 1999 ,
3261 1934 3458 1999 Λυδίας
3495 1935 3686 2006 ἄρχων

2098 2023 2436 2095 ἀποδειχθεὶς
2459 2060 2476 2092 ,
2523 2025 2630 2080 ὑπὸ
2669 2028 2796 2091 τοὺς
2832 2026 3115 2096 Ῥουφίνου
3156 2028 3416 2099 καιροὺς,
3445 2022 3548 2098 ἦγε
3586 2028 3686 2081 καὶ

2099 2115 2262 2187 ἔφερε
2289 2117 2356 2170 τὰ
2380 2116 2597 2182 Λυδῶν,
2640 2118 2848 2189 νεμεσᾷ
2888 2116 3197 2185 Ῥουφίνος,
3231 2119 3325 2171 καὶ
3357 2117 3567 2189 μέτεισι
3585 2118 3685 2189 ζη-

2103 2207 2206 2279 μία
2240 2207 2445 2279 χρυσοῦ
2492 2207 2693 2280 λιτρῶν
2736 2208 3131 2262 πεντεκαίδεκα
3158 2225 3173 2240 ο
3204 2211 3390 2263 τάττει
3422 2210 3480 2263 δὲ
3514 2226 3682 2279 στραι

2098 2299 2299 2363 τιώτας
2328 2302 2392 2355 ὲκ
2430 2299 2540 2354 τῶν
2566 2299 2885 2373 ὑπηρετῶν,
2910 2299 2987 2364 ὡς
3014 2300 3183 2372 ᾤετο,
3218 2302 3344 2364 τοὺς
3372 2300 3683 2371 ἀνδρειοτά-

2100 2408 2225 2455 τους
2256 2392 2349 2445 καὶ
2376 2390 2798 2455 εὐνουστάτους,
2828 2391 2914 2461 ἐφ’
2952 2384 2998 2459 ᾧ
3025 2393 3121 2446 σὺν
3148 2390 3239 2463 βίᾳ
3270 2391 3579 2463 πράξαντας
3617 2392 3683 2445 τὸ

2100 2484 2357 2553 χρυσίον,
2390 2484 2722 2554 ἀνακομίσαι
2762 2483 2971 2547 πιστῶς
3001 2484 3081 2546 είς
3126 2484 3228 2555 τὴν
3259 2481 3539 2553 τράπεζαν
3577 2483 3682 2552 τὴν

2099 2574 2285 2629 αὐτοῦ.
2324 2576 2389 2628 Τί
2412 2571 2505 2631 οὖν
2529 2576 2666 2647 πρὸς
2684 2574 2860 2631 ταῦτα
2898 2577 2928 2629 ό
2958 2575 3189 2645 Σίσυφος
3214 2593 3229 2641 ;
3272 2574 3431 2629 Ἀλλά
3458 2576 3535 2645 μὴ
3554 2574 3680 2628 λίαν

2099 2664 2458 2736 ἀπειρόκαλος
2490 2660 2536 2721 ὧ
2568 2666 2683 2739 [γρ.
2710 2667 2823 2722 ἀλλ’
2859 2668 2981 2740 είμὶ
3005 2661 3126 2721 λίαν
3154 2669 3276 2733 ἀπ.,
3308 2666 3407 2739 ὡς]
3431 2707 3447 2734 ,
3487 2666 3681 2737 βεϐοη-

2100 2754 2240 2825 μένα
2266 2755 2741 2827 ὲπιδιηγούμενος·
2769 2758 3013 2812 πέπυσαι
3040 2757 3258 2822 πάντως
3284 2757 3382 2830 τὴν
3410 2759 3681 2829 συνωρίδα

2096 2845 2206 2899 τῶν
2232 2846 2529 2917 βαλαντίων
2548 2886 2565 2913 ,
2595 2847 2633 2903 ά
2674 2848 2783 2903 τῶν
2815 2848 2997 2903 ἵππων
3028 2850 3278 2922 Εὐμήλου
3308 2849 3442 2904 πολὺ
3473 2850 3680 2921 μᾶλλον

2097 2935 2347 3007 αλλήλοις
2394 2937 2613 2993 ιοικότα
2666 2939 3113 3005 κατασκευάσας,
3160 2941 3236 3013 τῷ
3288 2940 3389 3013 μιν
3419 2940 3679 3011 ἐνέθηκεν

2095 3027 2315 3092 ὀϐολοὺς
2345 3029 2410 3082 ἐκ
2449 3028 2651 3101 χαλκοῦ
2675 3069 2692 3097 ,
2724 3030 2803 3102 τῷ
2854 3031 2912 3085 δὲ
2961 3033 3235 3104 στατῆρας
3285 3034 3536 3104 χρυσίου.
3567 3035 3678 3087 Kal

2094 3118 2251 3173 τοῦτο
2276 3120 2376 3190 μὲν
2395 3119 2605 3189 δείξας,
2628 3122 2804 3177 ἐκεῖνο
2825 3122 2882 3177 δὲ
2903 3123 3143 3196 κρύψας,
3159 3123 3235 3188 ὡς
3256 3124 3677 3198 ἀπηρίθμησαν,

2091 3209 2167 3273 ὡς
2218 3209 2664 3285 ἑζυγοστάτησαν
2683 3254 2699 3281 ,
2745 3212 2823 3278 ὡς
2852 3216 3303 3287 κατεσημήναντο
3334 3220 3400 3289 τῇ
3436 3217 3679 3289 δημοσία

2093 3304 2348 3374 σφραγῖδι
2375 3303 2437 3357 τὸ
2456 3305 2704 3376 χρυσίον,
2738 3305 2993 3361 λανθάνει
3021 3307 3248 3380 θάτερον
3277 3310 3547 3374 ἀντιθεὶς,
3577 3314 3679 3363 καὶ

2092 3396 2317 3466 πέμψας
2368 3396 2490 3451 ἀντὶ
2540 3397 2651 3453 τῶν
2700 3398 2985 3471 στατήρων
3033 3400 3160 3463 τοὺς
3203 3400 3445 3465 ὀϐολούς.
3495 3403 3559 3455 0!
3616 3402 3679 3455 δὲ

2090 3486 2515 3558 ὡμολογήκεσαν
2566 3488 2625 3543 ἐν
2668 3488 2949 3560 δημοσίοις
2998 3489 3322 3562 γράμμασιν
3376 3491 3525 3563 ἔχειν
3576 3494 3678 3546 καὶ

2089 3577 2390 3650 διακομιεῖν
2406 3580 2477 3636 ,τὸ
2509 3579 2753 3653 χρυσίον.

2180 3671 2305 3726 Κάκ
2353 3672 2567 3726 τούτου
2622 3670 2845 3741 Δάφνις
2917 3673 3079 3743 παρὰ
3137 3672 3376 3797 ποιμέσὲ
3440 3673 3677 3744 πρῶτα·

3366 3761 3561 3797 rene.

3366 3761 3561 3813 γεντο.

2161 3828 2332 3885 Τοῦτο
2354 3830 2446 3886 τὸν
2474 3831 2734 3888 Εύθάλιον
2761 3834 2855 3888 ἐπὶ
2883 3835 3027 3906 μέγα
3054 3836 3224 3908 τύχης
3248 3836 3460 3909 ἐξῆρεν.
3480 3838 3675 3891 Οὐδενὶ

2089 3920 2199 3993 γάρ
2221 3923 2517 3995 ἐπέτρεψεν
2537 3926 2566 3977 ό
2590 3926 2762 3995 γέλως
2782 3927 2925 3999 ὑπὲρ
2945 3928 3044 3999 τῆς
3065 3928 3337 3992 πολιτείας
3362 3930 3676 3999 ἀγανακτῆ-

2092 4031 2181 4068 σαι
2202 4031 2217 4046 ·
2242 4015 2359 4071 ἀλλ’
2385 4016 2461 4080 ὡς
2489 4016 2655 4088 ἄνδρα
2684 4019 2835 4091 παρὰ
2860 4021 2988 4085 τοὺς
3016 4020 3237 4075 πώποτε
3268 4022 3673 4092 θαυματοποιδν

2094 4106 2219 4161 ίδιίν
2274 4107 2646 4180 ἐπεθύμησαν.
2710 4111 2818 4163 Kal
2872 4107 2976 4183 ἧκε
3034 4113 3424 4183 μετάπεμπτος
3480 4115 3673 4185 ὥσπερ

2091 4198 2386 4270 εὐεργέτης
2423 4200 2708 4271 Ῥωμαίων
2730 4243 2746 4268 ,
2789 4202 3027 4274 ὀχήματι
3079 4204 3322 4275 δημοσίῳ
3370 4208 3671 4276 πομπεύων

2089 4289 2177 4342 διὰ
2220 4290 2331 4343 τῶν
2365 4290 2593 4346 πόλεων.
2638 4290 2810 4363 Κάγὼ
2858 4296 3198 4368 τάνθριῦπιον
3234 4292 3349 4350 οῖδα
3392 4298 3502 4351 τῶν
3547 4315 3673 4351 συν-

407 4376 605 4431 pompa
643 4377 739 4432 per
766 4363 930 4418 urbes
949 4364 1218 4419 invectus.
1242 4363 1353 4435 Ego
1384 4380 1514 4420 vero
1551 4366 1825 4423 hominem
1858 4371 1982 4425 novi

2103 4380 2417 4453 εδρευόντων
2440 4384 2498 4435 ὲν
2528 4383 2606 4454 τῷ
2630 4363 3220 4459 προτεμενίσματι(58)
3248 4387 3341 4441 τοῦ
3377 4388 3669 4462 βουλευτη-

404 4452 568 4525 263
586 4454 1010 4509 subbasilicanis
1029 4455 1288 4510 omnibus
1308 4456 1878 4530 quuaciorem.Atque
1896 4462 1988 4517 ille

404 4560 533 4600 mox
561 4545 742 4600 sodali
773 4544 1040 4600 Pentadio
1064 4544 1119 4600 in
1156 4548 1482 4617 magistratu
1507 4550 1787 4606 succedet.

860 4654 1201 4712 EPISTULA
1238 4655 1530 4713 CXXVIII.

508 4748 594 4803 Ad
622 4749 920 4821 episcopum
957 4750 1261 4817 episcopatu
1310 4752 1545 4821 pulsum.
1598 4752 1735 4821 quod
1766 4753 1887 4810 Arii

739 4819 998 4873 doctrina:
1030 4820 1357 4891 acquiescere
1382 4819 1647 4876 noluerat.

475 4906 631 4975 Quod
657 4923 805 4974 eras,
837 4917 1113 4979 receptum
1144 4923 1175 4963 a
1211 4918 1285 4975 te,
1311 4926 1421 4965 non
1453 4911 1724 4967 amissum
1750 4921 1835 4969 est
1870 4912 1991 4974 Non

400 5002 549 5057 enim
581 5002 805 5071 quando
837 5002 962 5073 quis
992 5002 1061 5056 ab
1104 5003 1405 5074 impietatis
1457 5012 1603 5060 ClPIlI
1655 5007 1984 5077 seiungitur,

403 5102 537 5149 tunc
569 5094 735 5147 etiam
769 5093 990 5164 pietatis
1041 5094 1243 5151 throno
1281 5095 1571 5167 spoliatur.
1603 5094 1757 5152 llanc
1800 5111 1983 5155 autem

403 5186 474 5239 ab
511 5182 749 5255 Egypto
801 5184 1142 5242 avulsionem
1196 5188 1567 5258 complectere
1606 5207 1621 5245 :
1671 5189 1837 5261 idque
1886 5192 1984 5247 tibi

401 5277 571 5333 etiam
597 5290 793 5349 magna
824 5292 955 5335 voce
996 5280 1269 5337 clamasse
1293 5281 1615 5353 prophetam
1677 5283 1932 5339 existima
1964 5303 1979 5341 :

2095 4472 2212 4543 ρίου
2262 4471 2596 4545 λαλίστερον.
2648 4467 2817 4539 Οὗτος
2847 4476 2970 4530 ὅσον
3010 4477 3166 4532 οὔπω
3221 4479 3521 4535 παραλύσει
3568 4482 3671 4552 τῆς

2092 4563 2268 4634 ἀρχῆς
2298 4564 2389 4617 τὸν
2412 4565 2624 4637 ἑταῖρον
2654 4567 2961 4623 Πεντὰδιον.

2583 4677 2930 4733 ΕΠΙΣΤΟΛΗ
2984 4680 3164 4737 PKH'.

2124 4764 2278 4844 Πρὸς
2307 4766 3015 4844 έπξᾳκοπυηέξωσᾷἐντα
3038 4771 3152 4844 τῆς
3183 4772 3518 4844 ἐπισκοπῆς
3542 4776 3631 4844 μὴ

2166 4835 2552 4903 ,ϐουληθέντα
2589 4835 2921 4894 συνθέσθαι
2944 4841 3025 4907 τῷ
3072 4835 3289 4909 Ἀρείου
3315 4835 3585 4912 adnuit}.

2171 4924 2466 4992 Ἀπέλαϐες
2493 4929 2631 5001 ὅπερ
2661 4925 2730 5001 ἦς
2751 4972 2766 4998 ,
2808 4933 2909 4985 οὐκ
2957 4933 3249 4997 ἀπέϐαλες.
3281 4935 3356 4988 Οὐ
3400 4936 3515 5006 γὰρ
3540 4938 3676 4992 ὅταν

2089 5032 2173 5078 τις
2198 5016 2292 5069 τοῦ
2343 5017 2444 5085 τῆς
2473 5018 2728 5083 ἀσεϐείας
2757 5021 2997 5093 χωρισθῇ
3030 5023 3330 5092 καταλόγου
3353 5062 3370 5089 ,
3399 5027 3523 5079 τότε
3575 5028 3675 5081 καὶ

2089 5107 2198 5161 τῶν
2251 5109 2350 5179 τῆς
2396 5110 2676 5175 εὐσεϐείας
2722 5114 3092 5186 ἀπεστέρηται
3123 5115 3350 5185 θρόνωνο
3388 5118 3670 5185 Αίγύπτου

2088 5202 2147 5255 δὲ
2194 5202 2564 5274 περιπτύσσου
2619 5204 2718 5276 τὴν
2763 5204 3146 5278 ἀλλοτρίωσιν,
3183 5209 3277 5262 καὶ
3330 5209 3523 5279 νόμιζε
3577 5210 3672 5261 καὶ

2091 5291 2226 5362 πρὸς
2254 5293 2314 5346 σὲ
2343 5294 2432 5349 τὸν
2460 5296 2747 5367 προφήτην
2776 5297 3175 5369 μεγαλοφὼνως
3204 5301 3539 5372 κεκραγέναι
3558 5318 3573 5331 ·
3604 5301 3669 5357 τί

1640 5442 1824 5501 mon.
1854 5445 2125 5537 perun
2155 5450 2387 5509 nom.

397 5579 629 5721 alii)...

686 5580 815 5639 Τῶν
907 5581 1398 5652 συνεδρευόντων
1412 5580 1428 5675 ς
1446 5584 1517 5641 ἐν
1578 5583 1659 5652 τῷ
1740 5601 1988 5661 «perspe

2103 5609 2254 5655 ιιατι.
2330 5596 2785 5658 Subhasilicanos
2842 5603 3025 5668 verti,
3089 5601 3350 5661 Plautina
3410 5622 3553 5662 voce
3614 5616 3671 5663 La
