3838 6236
455 227 596 290 1511
1525 226 1804 288 SYNESII
1842 228 1987 288 ΡἸῸ]

2115 231 2308 290 [Αιῡιε
2344 232 2660 292 EPISCOPI
3599 242 3720 296 ιλιι

454 357 704 403 nostram
743 345 880 401 meis
907 359 1130 415 aequum
1168 352 1256 402 est
1289 359 1319 399 a
1347 345 1666 402 clarissimo
1702 345 1868 404 Patre
1906 348 1987 404 Pr.

2115 406 2119 417 _
2147 352 2468 406 ἀποστεῖλαί
2497 371 2588 424 μοι
2616 353 2850 424 τάχιστα
2877 353 2946 408 τὰ
2979 354 3181 425 βτόλια,
3215 354 3361 425 ᾇπερ
3394 353 3721 420 ἀποδέδωκας

453 438 542 493 clo
577 435 761 502 reddi,
794 447 1090 507 postquam
1117 444 1421 507 octogenos
1460 437 1590 493 illos
1638 452 1842 494 aureos
1882 455 1987 495 ace

2142 443 2295 514 αὐτῷ
2314 459 2330 476 ⁸
2359 444 2421 498 τὸ
2448 445 2873 517 Νικοστράτειον
2900 446 2968 519 δὴ
2994 446 3160 515 λέγω.
3196 449 3294 502 καὶ
3316 447 3376 500 τὸ
3404 447 3504 500 τοῦ
3547 448 3723 520 Ἀφρι-

451 530 615 601 perit.
653 526 728 582 Da
776 527 944 582 etiam
972 540 1200 596 operam
1245 536 1307 582 ut
1343 525 1560 584 sodalis
1600 542 1760 585 meus
1795 527 1987 586 Troilu

2143 536 2338 600 δισέως
2375 535 2752 609 Ἀλεξάνδρου.
2793 540 2858 592 El
2888 539 2976 592 διὰ
3012 540 3112 611 τὴν
3167 539 3323 612 ἱεράν
3356 557 3452 594 σου
3498 540 3724 594 διάθεσιν

452 634 594 690 quos
627 627 686 673 tu
709 619 758 673 ei
785 616 1105 674 reddideras
1128 618 1321 682 libros,
1361 634 1528 683 quam
1558 619 1830 677 citissime
1865 623 1932 677 ad
1961 641 1987 678 ιι

2145 629 2289 696 φίλοι
2319 631 2450 699 ἡμῖν
2483 632 2530 682 oi
2559 629 2816 702 ἄρξοντες
2845 631 3004 705 ἡμῶν
3032 631 3348 704 ὲπιδημοίεν
3375 673 3391 697 ,
3423 632 3562 702 πρὸς
3586 632 3724 698 φιλο-

450 711 674 776 mittat;
738 708 1146 765 Nicostrateum
1231 710 1385 775 dico,
1473 718 1527 766 et
1596 711 1987 781 Aphrodisiens

2147 718 2338 788 σοφίαν
2381 719 2513 790 ἡμῖν
2549 720 2886 787 συντελέσεις
2914 720 2976 774 τὸ
3010 721 3176 792 μέρος
3202 721 3264 773 τὸ
3289 720 3401 785 σὺν,
3437 721 3564 774 ὅσον
3589 720 3726 774 [1λά-

445 797 769 855 Alexandri.
823 800 883 856 Si
933 817 1030 872 per
1071 816 1291 858 sacrum
1332 809 1388 858 et
1447 803 1710 858 eximium
1766 806 1986 875 animit

2145 827 2254 863 των
2284 811 2499 881 ἡγεῖται
2533 811 2682 884 παρὰ
2714 814 2812 884 τῆς
2839 812 3060 883 ἀτιμίας
3086 811 3411 867 κωλύεσθαι.

443 887 700 956 aﬂ‘ectum
757 899 1045 957 conciliati
1097 899 1262 956 nobis
1329 899 1420 954 hic
1471 908 1788 966 versentur,
1837 904 1932 974 qui
1987 906 2284 976 provincia:
2341 916 2547 964 nostra:
2597 908 2886 980 prasfuturi
2943 919 3093 979 sunt,
3169 913 3402 966 multum
3458 909 3622 966 nobis
3661 909 3724 964 ad

441 1001 849 1074 philosophiam
883 1016 986 1073 pro
1009 999 1159 1057 virili
1185 1006 1278 1054 tua
1305 1009 1462 1072 parte
1482 999 1789 1058 contuleris
1818 1019 1834 1069 ;
1859 1009 2131 1072 quantum
2173 1005 2388 1063 scilicet
2420 1003 2722 1077 ignominia
2777 1015 2837 1062 et
2896 1014 3217 1078 contemptu
3285 1005 3543 1078 impediri
3611 1005 3723 1067 exi-

441 1100 627 1174 stimat
655 1096 831 1153 Plato.

893 1231 1235 1290 EPISTOLA
1273 1232 1490 1290 CXXIX
1520 1239 1560 1291 ⁶.

1087 1347 1380 1418 Simplicia.

502 1446 641 1502 Cum
674 1460 776 1501 nos
806 1459 904 1514 per
941 1443 1225 1498 Cerealem
1278 1443 1556 1508 salutasti,
1588 1443 1696 1500 hoc
1729 1445 1778 1500 ei
1828 1453 2025 1501 contuo

433 1538 571 1603 listi,
604 1539 685 1594 uti
740 1537 986 1608 quinque
1038 1537 1158 1591 dies
1211 1536 1358 1592 illius
1413 1537 1660 1607 nequitia
1728 1537 2025 1593 celaretur.

2628 1235 2974 1316 ειιιΣτρΛη
3012 1234 3220 1290 PKQ".

2755 1349 3109 1418 Σιμπλικίῳ.

2213 1443 2487 1514 Ἐχαρίσω
2527 1443 2812 1514 Κερεαλίῳ
2839 1483 2851 1504 ,
2879 1442 2944 1495 δι’
2978 1439 3146 1495 αὐτοῦ
3179 1440 3495 1512 προσειπὼν
3535 1443 3714 1513 ἡμᾶς,

2132 1534 2193 1587 τὸ
2221 1534 2407 1588 λαθεῖν
2437 1535 2648 1606 ἡμέρας
2682 1535 2842 1588 πέντε
2871 1533 3107 1605 πονηρὸν
3133 1533 3283 1587 ὄντα.
3311 1534 3587 1588 Ἥλπισαν
3615 1537 3718 1607 γάρ

431 1631 571 1687 Boni
603 1632 750 1687 enim
770 1628 978 1700 aliquid
1007 1629 1264 1684 civitates
1285 1628 1352 1683 ab
1368 1644 1434 1684 eo
1458 1629 1683 1686 homine
1703 1640 1987 1699 sperarunl

2133 1643 2187 1678 τι
2217 1627 2451 1697 χρηστὸν
2498 1629 2552 1680 αἱ
2591 1625 2772 1690 πόλεις
2805 1626 2935 1697 παρ’
2970 1625 3192 1697 ἀνδρὸς,
3233 1625 3294 1679 ὃν
3335 1626 3434 1680 οὐκ
3479 1627 3717 1698 ἀπηξίω-

431 1738 596 1798 quem
624 1719 950 1792 Simplicius
973 1735 1144 1776 nosse
1168 1735 1279 1774 non
1320 1728 1664 1790 gravaretur.
1698 1721 1768 1775 At
1793 1721 1883 1776 ille
1915 1721 1987 1776 cit

2136 1719 2355 1790 σεν(65)
2387 1718 2586 1772 εἰδέναι
2619 1718 2962 1788 Σιμπλίκιος.
2989 1718 3046 1772 Ὀ
3068 1718 3122 1771 δὲ
3153 1718 3291 1788 ταχὺ
3325 1719 3470 1788 μάλα
3494 1721 3714 1791 ᾔσχυνε,

431 1815 727 1869 admodum
785 1811 996 1884 pudore
1029 1811 1234 1878 alfecit,
1295 1828 1407 1868 non
1465 1819 1519 1869 te
1573 1813 1798 1884 quidem
1856 1813 1987 1884 (abs

2133 1812 2193 1864 σὲ
2231 1810 2330 1880 μὲν
2368 1809 2430 1864 οὓ
2461 1810 2577 1882 (μὴ
2615 1811 2726 1882 γάρ
2760 1826 2890 1863 ποτε
2925 1811 3012 1861 ἐπ’
3031 1808 3178 1879 ἄλλῳ
3221 1809 3290 1863 τὰ
3346 1809 3413 1864 σὰ
3442 1811 3713 1880 γένοιτο),

427 1891 597 1970 eriim,
631 1917 691 1961 ut
752 1913 860 1961 ture
905 1921 995 1961 res
1032 1906 1145 1960 sint
1197 1921 1266 1961 ex
1312 1907 1490 1962 altero
1542 1905 1878 1977 suspensae),
1928 1923 1986 1962 se

2128 1901 2320 1956 ἑαυτὸν
2343 1901 2430 1970 δὲ,
2468 1903 2562 1956 καὶ
2594 1901 2692 1974 τὴν
2727 1903 2904 1973 ἀρχὴν
2923 1941 2937 1966 ,
2966 1901 3060 1954 καὶ
3099 1902 3184 1954 ἵνα
3213 1901 3290 1974 μὴ
3318 1901 3616 1972 διατρίϐω,
3649 1905 3716 1957 τὰ

423 1987 666 2070 seipsum
707 2001 893 2071 potius
925 2014 992 2054 ac
1050 2015 1214 2055 suum
1243 2000 1626 2070 magistratum
1655 2017 1670 2066 ;
1705 2007 1782 2064 et,
1808 2015 1879 2056 ne
1902 1999 1987 2054 lon

2138 1993 2426 2067 Ῥωμαίων
2455 1994 2568 2067 (64)
2615 1997 2919 2067 πράγματα
2945 2034 2960 2059 ,
3013 1993 3172 2058 ὤνιος
3221 1995 3508 2071 ἄνθρωπος
3541 1997 3715 2068 ἐλαχί-

424 2091 550 2161 gius
572 2090 791 2156 faciam,
811 2089 1117 2144 Romanam
1146 2089 1580 2161 rempublicam;
1616 2089 1780 2146 homo
1822 2091 1983 2160 exigu

2125 2105 2251 2141 στου
2281 2086 2424 2159 (65),
2454 2087 2610 2159 δόξης
2639 2087 2858 2164 ρμελὴς
2881 2127 2898 2148 ,
2926 2089 3232 2161 ἀπόλεμος,
3271 2089 3329 2141 ὲν
3377 2090 3574 2160 εἰρήνῃ
3614 2089 3711 2158 βα-

425 2183 605 2253 pretio
644 2181 888 2250 venalis;
922 2179 1080 2236 fama:
1119 2188 1282 2250 atque
1312 2179 1743 2236 existimationis
1771 2187 1987 2234 contem

2125 2182 2263 2256 ρὺς,
2314 2177 2383 2254 ἦς
2436 2182 2572 2253 πρὸς
2624 2180 2961 2254 βραχύτατον
3020 2181 3416 2238 ἀπολέλαυκεν.
3473 2181 3550 2235 Οὐ
3606 2181 3711 2251 γὰρ

423 2257 586 2346 ptor;
622 2275 834 2331 bellica:
863 2274 942 2330 rei
999 2274 1331 2344 imperitus;
1367 2272 1423 2326 in
1453 2287 1591 2343 pace
1641 2272 1987 2342 importunus

2120 2274 2314 2348 ἐδεήθη
2371 2275 2563 2348 χρόνου
2599 2275 2737 2346 πρὸς
2797 2273 2860 2328 τὺ
2912 2277 3093 2330 πάντα
3133 2274 3440 2347 ἀνατρέςῖιαι
3489 2293 3550 2330 τε
3619 2277 3710 2329 καὶ

419 2385 530 2440 qua
592 2367 925 2423 brevissimo
985 2373 1235 2437 tempore
1285 2363 1496 2434 potitus
1530 2372 1637 2419 est.
1689 2362 1812 2419 Non
1866 2364 1987 2418 enim

2122 2367 2369 2438 συγχέαι.
2397 2369 2612 2440 Ὥσπερ
2637 2367 2746 2440 γὰρ
2775 2367 2927 2432 ὄντος
2959 2367 3127 2439 νόμου
3149 2407 3164 2431 ,
3199 2367 3272 2423 τὰ
3301 2368 3408 2420 τῶν
3445 2384 3711 2440 στρατιω-

420 2460 587 2531 longo
619 2473 867 2530 tempore
907 2472 1046 2529 opus
1109 2457 1303 2512 habuit
1338 2456 1408 2511 ad
1451 2456 1748 2513 evertenda
1800 2466 1987 2527 pertur

2116 2459 2225 2514 τῶν
2268 2455 2407 2514 εἶναι
2444 2460 2554 2514 τῶν
2584 2460 2910 2532 στρατηγῶν
2936 2500 2953 2524 ,
3003 2461 3040 2515 ἃ
3090 2461 3291 2523 πάντες
3324 2457 3472 2530 εἶχον
3507 2460 3709 2524 λαϐὼν,

417 2551 711 2621 bandaque
739 2551 948 2605 omnia.
1011 2547 1148 2602 Nam
1183 2548 1418 2619 perinde
1453 2563 1519 2602 ac
1557 2548 1604 2603 si
1655 2549 1774 2618 lege
1827 2548 1987 2617 aliqu;

2115 2553 2420 2606 ἀντέδωκεν
2469 2553 2653 2618 αὐτοῖς
2684 2553 2987 2626 ἀστρατίαν
3012 2593 3029 2618 ,
3071 2555 3166 2607 καί
3208 2554 3272 2608 τὸ
3329 2554 3408 2625 μὴ
3450 2555 3710 2609 συντετά-

418 2644 655 2698 militum
685 2643 920 2699 fortuna:
941 2640 1009 2695 ad
1034 2641 1230 2696 ducem
1259 2639 1623 2711 pertinerent,
1641 2657 1762 2712 quae
1776 2643 2015 2712 quisque

415 2734 727 2804 possideret
782 2731 1064 2803 accipiens
1097 2772 1115 2800 ,
1179 2732 1428 2788 vicissim
1491 2733 1602 2789 illis
1660 2734 1987 2791 vacationen

2115 2735 2300 2789 Ταῦτα
2333 2737 2461 2800 τοὺς
2499 2737 2829 2810 ἐπιχωρίους
2873 2739 3139 2809 ποιήσας,
3191 2737 3316 2791 ἐπεὶ
3360 2739 3486 2800 τοὺς
3523 2738 3710 2806 ξένους

413 2833 472 2880 et
506 2826 916 2881 immunitatem
943 2823 1139 2880 ordine
1177 2826 1454 2881 servando
1493 2827 1878 2898 largiebatur;
1915 2845 1981 2885 co

2115 2815 2212 2881 σῦκ
2267 2823 2337 2900 ἦν
2402 2829 2794 2904 ἀργυρολογεῖν
2823 2870 2838 2894 ,
2875 2829 3316 2903 ἠργυρολόγησεν
3375 2830 3562 2883 αὐτῶν
3611 2832 3710 2896 τὰς

415 2915 564 2994 piam
591 2914 850 2971 omnibus
877 2913 1090 2970 faciens
1124 2929 1192 2970 eo
1220 2929 1280 2971 se
1311 2913 1658 2982 conferendi,
1694 2918 1789 2972 ubi
1842 2918 1916 2973 ali
1948 2935 1987 2974 se

2115 2919 2294 2982 πόλεις
2317 2961 2333 2987 ,
2361 2919 2518 2990 ἄγων
2549 2921 2642 2974 καὶ
2683 2920 2940 2991 μεθιστὰς
2963 2961 2979 2984 ,
3040 2922 3140 2993 οὐχ
3178 2915 3215 2996 ᾖ
3260 2920 3708 2993 λυσιτελέστερον

411 3023 578 3079 posse
601 3015 910 3080 sperarent.
963 3006 1093 3063 Haec
1123 3023 1250 3063 eum
1289 3007 1564 3080 indigenis
1587 3007 1834 3078 fecisset,
1867 3029 1987 3083 quo

2115 3007 2196 3082 ἦν,
2225 3006 2401 3086 ἁλλ’ᾖ
2450 3004 2905 3086 κερδαλεώτερον.
2938 3013 3316 3085 Βαρυνόμεναι
3359 3013 3472 3084 γὰρ
3524 3013 3706 3068 αὐτῶν

414 3098 562 3156 niam
590 3117 620 3156 a
649 3100 958 3174 peregrinis
986 3111 1274 3172 argentum
1331 3101 1642 3172 exprimere
1668 3103 1832 3176 265
1893 3119 1987 3159 nor

2115 3103 2205 3174 τὴν
2253 3103 2525 3176 καθέδραν
2573 3106 2631 3158 αἱ
2664 3105 2848 3169 πόλεις
2879 3107 3102 3176 χρυσίον
3140 3105 3445 3176 εἰσέφερον.
3480 3104 3707 3159 Τούτων

409 3201 646 3264 poterat,
679 3195 956 3265 expressit
1007 3192 1078 3249 ab
1128 3193 1349 3248 i!lorum
1409 3194 1749 3261 civitatibus,
1812 3199 1987 3268 c0pias

2115 3195 2277 3261 δξέως
2305 3189 2534 3267 ᾔσθοντο
2558 3198 2812 3253 Μακέται
2835 3237 2850 3258 ,
2879 3197 2976 3250 καὶ
3007 3198 3197 3266 γέγονε
3227 3197 3547 3268 διαδόσιμος
3596 3199 3710 3252 ἀπὸ

406 3302 542 3344 suas
572 3303 638 3344 eo
665 3287 965 3351 deducens,
1001 3286 1505 3359 commigransque,
1532 3303 1645 3343 non
1694 3288 1788 3344 ubi
1823 3289 1987 3358 major

2115 3287 2220 3342 τῶν
2254 3288 2675 3362 μιξοϐαρϐάρων
2717 3289 2797 3352 εἰς
2828 3290 2956 3352 τοὺς
2990 3288 3301 3360 βαρϐάρους
3333 3290 3367 3360 ή
3391 3291 3594 3360 φήμη·

406 3377 808 3456 opportunitas,
863 3377 961 3434 sed
1019 3378 1113 3434 ubi
1175 3379 1488 3451 compendii
1544 3381 1819 3436 uberioris
1871 3396 1997 3448 spes
2035 3389 2176 3450 erat.
2227 3380 2370 3441 Cum
2404 3382 2556 3438 enim
2612 3380 2733 3451 ejus
2801 3381 3238 3437 commoratione
3283 3380 3545 3436 civitates
3606 3398 3707 3452 op-

406 3477 808 3546 primerentur,
851 3490 1048 3530 aurum
1095 3475 1547 3533 contribuebant.
1582 3475 1709 3532 llaec
1755 3478 1868 3533 cito
1901 3475 2124 3533 Macetae
2156 3492 2424 3545 sensere;
2487 3491 2732 3549 moxque
2757 3491 2790 3532 a
2825 3475 3221 3534 semibarbaris
3281 3474 3350 3531 ad
3422 3475 3704 3531 barbaros

401 3570 525 3643 ejus
553 3572 648 3626 rei'
673 3570 818 3625 fama
852 3579 1151 3642 propagata
1185 3577 1294 3626 cst.

475 3660 641 3724 Hinc,
665 3669 790 3731 quot
819 3676 932 3715 vere
961 3676 1090 3714 novo
1112 3657 1326 3729 frondes
1349 3661 1633 3732 ﬂoresque,
1666 3662 1912 3717 ruebant.

2115 2644 2277 2714 χθαι,
2313 2645 2548 2715 βαδίζειν
2599 2647 2934 2717 ἐπιτρέψας,
2982 2640 3017 2722 ᾖ
3063 2664 3147 2711 τις
3194 2646 3334 2718 ᾤετο
3383 2646 3708 2718 θρέψεσθαι.

2088 3652 2326 3713 Ἶιλθον
2373 3657 2560 3712 ἔπειθ’
2582 3658 2700 3712 ὅσα
2719 3659 2927 3728 φύλλα
2949 3657 3046 3710 καὶ
3062 3655 3244 3712 ἄνθεα
3270 3657 3498 3726 γίνεται
3520 3661 3694 3731 ἦρος.

475 3753 593 3810 Ηειι
642 3753 980 3820 iuventutem
1045 3753 1192 3808 male
1247 3768 1278 3808 a
1334 3753 1497 3810 nobis
1525 3753 1831 3810 amissam!
1874 3751 1993 3808 Heu

401 3847 622 3919 frugum
668 3860 700 3900 a
735 3845 895 3900 nobis
940 3843 1149 3901 frustra
1190 3856 1444 3917 speratos
1494 3845 1832 3918 proventus!
1888 3845 1996 3899 IIo-

397 3935 896 4018 stilihusjlammis
929 3951 1093 4008 agros
1135 3939 1512 3994 consevimus.
1562 3936 1853 4008 Plerisque
1891 3952 1993 3991 no-

398 4040 577 4101 strum
609 4045 744 4102 opes
781 4036 941 4086 erant
991 4032 1046 4086 in
1077 4046 1297 4103 pecore,
1349 4032 1404 4088 in
1445 4032 1712 4088 armentis
1750 4033 1989 4088 camelo-

397 4139 547 4200 rum,
577 4123 632 4178 in
667 4124 982 4196 gregalibus
1001 4125 1250 4196 equabus
1274 4141 1290 4192 ;
1313 4124 1528 4196 periere
1552 4125 1773 4192 omnia;
1803 4123 1988 4180 omnia

397 4224 528 4272 simt
561 4217 778 4272 abacta.
817 4216 1010 4273 Sentio
1049 4232 1137 4274 me
1167 4232 1278 4288 pra:
1333 4215 1526 4272 dolore
1561 4232 1670 4272 non
1724 4232 1849 4274 esse
1880 4216 1987 4272 mei

394 4317 726 4380 compotem.
753 4307 954 4366 Verum
992 4309 1236 4380 ignosce,
1281 4324 1488 4380 quaeso.
1530 4308 1800 4364 Moenibus
1837 4308 1985 4364 enim

393 4413 583 4477 septus
617 4420 782 4470 sum;
819 4411 874 4460 et
899 4404 1162 4461 obsessus
1216 4401 1333 4457 haec
1390 4401 1596 4465 scribo,
1651 4417 1748 4472 per
1796 4401 1984 4455 horam

393 4497 612 4567 saepius.
635 4493 786 4550 faces
814 4493 1110 4566 aspiciens,
1141 4507 1346 4562 easque
1381 4492 1690 4571 accendens
1735 4498 1790 4546 et
1843 4491 1980 4562 ipse,

391 4588 528 4643 etin
553 4587 772 4658 signum
813 4585 941 4641 aliis
978 4584 1272 4642 extollens.
1304 4583 1480 4640 Porro
1520 4583 1844 4640 venationes
1879 4583 1984 4640 illa:

392 4677 726 4750 longinquae,
759 4677 962 4748 quibus
989 4675 1172 4732 securi
1201 4681 1365 4730 antea
1402 4682 1496 4730 tuo
1530 4675 1768 4730 maxime
1815 4674 1982 4730 bene-

392 4764 520 4821 ﬁcio
550 4764 893 4829 fruehamur,
949 4765 1172 4836 penitus
1220 4763 1497 4820 abierunt.
1550 4763 1736 4836 Itaque
1781 4763 1983 4821 identi-

390 4859 516 4915 dem
549 4858 984 4930 ingemiscimus,
1017 4873 1144 4914 cum
1170 4856 1480 4928 juventutis
1501 4856 1652 4912 illius
1681 4855 1992 4913 reminisci-

393 4964 540 5016 mur,
573 4947 839 5021 illiusque
868 4949 1074 5006 mentis
1100 4963 1167 5005 ac
1200 4947 1530 5020 prudentia.
1546 4948 1618 5003 At
1638 4963 1787 5004 nunc
1813 4963 1988 5020 equo.

2157 3748 2262 3805 Φεῦ
2315 3750 2416 3821 τῆς
2460 3749 2733 3821 νεότητος,
2782 3749 2850 3824 ἢν
2902 3747 3367 3820 ἀπολωλέκαμενί
3416 3751 3526 3807 Φεῦ
3585 3755 3696 3806 τῶν

2089 3841 2341 3914 καρπῶν,
2390 3840 2485 3907 οὒς
2543 3841 2724 3913 μάτην
2777 3841 3124 3913 ἡλπίσαμενί
3199 3843 3575 3915 Ἐσπείραμεν
3617 3847 3692 3918 τῷ

2092 3933 2340 4006 πολεμίῳ
2370 3933 2525 4006 πυρί.
2581 3935 2707 3998 Τοῖς
2741 3933 2983 3988 πλείοσιν
3021 3933 3181 4006 ἡμῶν
3231 3934 3291 3988 τὸ
3341 3935 3605 3992 πλουτεῖν
3635 3942 3692 4008 ἐν

2096 4027 2438 4100 βοσκήμασιν
2479 4021 2570 4098 ἦν,
2619 4027 2678 4080 ὲν
2724 4027 3007 4095 ἁγελαίαις
3057 4027 3345 4099 καμήλοις,
3389 4029 3451 4082 ιν
3496 4030 3689 4096 ἵπποις

2095 4117 2351 4190 φρὸἀσι.
2390 4117 2574 4172 Πάντα
2602 4117 2841 4190 οἴχεται·
2887 4117 3068 4174 πάντα
3099 4118 3378 4189 ἐλήλαται.
3419 4122 3687 4176 Aio-Divo-

2096 4228 2196 4282 μαι
2228 4211 2514 4282 γινόμενος
2537 4210 2644 4266 ὑπὸ
2682 4209 2776 4264 τοῦ
2819 4210 3028 4275 πάθους
3055 4212 3308 4283 ἔκφορος.
3355 4212 3519 4267 Ἀλλά
3548 4213 3684 4282 σύγ-

2092 4302 2282 4371 γνωθι.
2346 4301 2621 4376 Τειχήρης
2681 4302 2792 4373 γάρ
2850 4304 3000 4373 είμι,
3069 4304 3163 4358 καὶ
3221 4303 3684 4376 πολιορκούμενος

2089 4396 2309 4468 γράφω,
2343 4395 2443 4466 τῆς
2473 4395 2621 4468 ὥρας
2653 4394 2914 4460 πολλάκις
2941 4395 3212 4467 φρυκτοὺς
3235 4395 3399 4468 ὀρῶν,
3445 4398 3545 4451 καὶ
3588 4398 3683 4452 αὖ·

2017 4467 2064 4524 Ῑ)
2090 4467 2218 4552 τοὺς
2262 4467 2642 4544 ἀνάπτωνίκαὶ
2663 4487 2845 4554 αὐτὸς,
2875 4489 2970 4543 καὶ
3011 4490 3184 4561 αἴρων
3215 4467 3328 4556 τοῖς
3360 4490 3544 4557 ἄλλοις
3578 4510 3681 4565 ση-

2093 4582 2240 4652 μεῖα.
2285 4579 2602 4650 Κυνηγέσια
2659 4581 2715 4635 δὲ
2763 4582 2945 4636 ἐκεῖνα
2989 4581 3061 4638 τὰ
3090 4584 3314 4655 πρόσω,
3343 4578 3426 4648 οἷς
3452 4583 3572 4656 [ιω.
3609 4586 3685 4642 τὰ

2089 4672 2280 4744 πρόσω
2309 4671 2607 4746 κατανοῶν]
2648 4673 2736 4726 ἐπ’
2789 4673 3038 4740 ἐξουσίας
3091 4677 3385 4749 ἐχρώμεθα
3406 4678 3684 4751 πρότερον

2085 4767 2185 4838 οὐχ
2211 4765 2412 4837 ἥκιστα
2446 4765 2536 4820 διὰ
2565 4766 2656 4831 σὲ,
2687 4767 2868 4824 πάντα
2911 4767 3081 4840 ἔρρει.
3119 4769 3232 4825 Καὶ
3275 4769 3540 4841 στένομεν
3579 4789 3682 4843 μι-

2083 4856 2351 4931 μνημένοι
2379 4856 2524 4930 ἥϐης
2549 4859 2600 4912 τ’
2623 4857 2861 4928 ἐκείνης,
2878 4858 2970 4913 νοῦ
2994 4859 3043 4913 τ’
3069 4859 3279 4914 ἐκείνου
3303 4859 3401 4914 καὶ
3431 4862 3681 4933 φρενῶν.

2090 4949 2230 5004 Ἀλλ’
2281 4949 2694 5022 ίπποκροτεῐται
2729 4949 2844 5024 [πρ.
2898 4951 3223 5024 tremunt]
3267 4952 3374 5025 μὲν
3416 4952 3678 5018 ἅπαντα,

1632 5125 1815 5183 DlON.
1860 5123 2141 5183 PETAVII
2178 5125 2419 5185 NOTIE.

466 5286 576 5361 (6'5)
621 5287 732 5341 'Or
758 5289 870 5344 οὐκ
901 5287 1268 5356 ἀπηξίωσεν.
1307 5285 1411 5343 Diu
1448 5293 1606 5361 antea
1644 5287 1792 5355 ams
1817 5287 1980 5357 ἠξίω-

392 5358 518 5427 σεν,
561 5361 708 5428 quod
761 5363 816 5413 in
864 5361 1091 5428 excusis,
1132 5365 1293 5423 erat,
1345 5358 1670 5414 mutandum
1725 5361 1979 5427 conjece-

389 5437 507 5485 ram
560 5427 616 5511 in
665 5428 1001 5501 ἀπηξίωσεν.
1065 5427 1224 5494 Quod
1277 5439 1470 5498 postea
1527 5429 1585 5483 in
1635 5445 1747 5484 uno
1797 5439 1981 5485 vetere

392 5513 596 5556 1⁸6081⁵1.

614 5569 723 5622 Καὶ
752 5569 853 5641 ἵνᾳ
872 5568 958 5639 μὴ
987 5569 1280 5641 διατρίϐω,
1303 5568 1375 5624 τὰ
1407 5569 1729 5641 Ῥωμαίων.
1760 5569 1816 5641 ἓξ
1843 5584 1977 5624 sana

389 5638 558 5695 lectio
591 5649 706 5704 est,
759 5638 1043 5711 referenda
1065 5708 1074 5711 _
1100 5641 1214 5694 luec
1249 5650 1379 5711 sunt
1405 5640 1471 5694 ad
1505 5640 1726 5711 ᾔσχυνε.
1769 5638 1972 5695 Verum

391 5713 556 5768 verba
587 5711 701 5766 haec
742 5709 833 5782 (τὰ
869 5708 1152 5782 Ῥωμαίων
1186 5708 1749 5785 πράγματαγὶιικίιιει,
1787 5719 1842 5768 et
1870 5723 1972 5768 suo

2078 5288 2200 5343 loco
2228 5297 2374 5346 mota
2411 5304 2538 5350 esse
2571 5303 2775 5346 censeo
2799 5307 2815 5359 ;

2077 5359 2274 5499 “:33.
2306 5431 2508 5496 Ὠνιος
2544 5430 2859 5499 ἅνθρωπος
2879 5430 3234 5502 ἐλαχίστου.
3263 5429 3385 5485 Non
3416 5389 3686 5487 dubitavi;

2075 5508 2266 5573 contra
2299 5510 2545 5558 veterum
2572 5503 2818 5573 otnnium
2848 5516 3186 5573 consensum
3216 5510 3343 5573 post
3376 5503 3667 5573 ἐλαχίστου

2075 5571 2486 5628 distinctionem
2518 5571 2780 5641 adjicere,
2814 5579 2872 5626 ut
2907 5573 2974 5627 ad
3002 5570 3163 5633 ὤνιος
3193 5570 3668 5629 τείρτιιῑιιτζΝαιιι

2077 5643 2268 5715 scripti
2305 5659 2496 5701 omnes
2529 5651 2656 5716 post
2685 5642 2864 5715 δόξης,
2901 5643 3140 5715 στιγμὴν
3167 5641 3399 5698 haheat.

2863 5290 3050 5361 itaque
3080 5297 3207 5361 post
3245 5289 3477 5362 συγχέαι
3505 5306 3671 5362 repo-
