3838 6236
223 224 359 279 1515

1332 219 1715 278 ΕΡΙΞΤΟΙΑΕ.
1755 250 1825 261 -
1858 218 2078 276 EPIST.
2118 218 2331 277 CXXX.

3326 221 3464 283 15M

218 342 313 393 καὶ
342 337 440 408 τὴν
466 335 650 407 χώραν
699 333 883 406 ἔχουσι
924 334 1017 389 νῦν
1046 334 1095 388 οῖ
1125 333 1391 407 πολέμιοι.
1436 334 1578 403 Ἐγὼ
1607 334 1664 387 δὲ
1694 334 1793 387 ὑπὸ

1900 349 2021 387 rum
2060 334 2279 405 ungulis
2306 332 2591 403 pulsantur
2627 333 2833 398 omnia,
2883 349 3211 407 omnemque
3240 337 3346 394 late
3377 354 3466 396 re-

222 428 575 502 μεσοπυργίῳ
602 426 932 497 τεταγμένος
960 426 1279 497 ὑπνομαχῶ.

231 609 336 663 Ἐν
361 606 489 730 dlopl
518 606 634 676 μέν
632 624 760 730 fol.
783 604 930 675 μᾶζα
940 605 1317 729 μεμαγμένη,
1347 605 1416 659 ἐν
1445 605 1571 674 δορὶ
1596 602 1760 672 οἶνος

410 692 630 730 σιιαοικ
668 696 700 730 c
765 677 917 730 πίνω
1022 678 1091 730 ἐν
1111 675 1240 730 δοοὶ
1265 677 1638 730 κεκλιμένος.

375 675 700 745 Ἰσμαρικός
716 691 729 706 ο
765 677 917 730 πίνω
940 675 993 729 δ’
1022 678 1091 730 ἐν
1111 675 1240 744 δορὶ
1265 677 1638 744 κεκλιμένος.

219 770 334 822 Οὐκ
359 766 476 824 οἶδα
520 770 570 822 εἰ
615 769 815 840 μᾶλλον
872 770 1168 841 Ἀρχιλόχῳ
1210 771 1384 823 εἰπεῖν
1418 768 1591 822 ταῦτα
1624 784 1797 839 προσ-

220 864 423 931 ήκοντα
455 857 543 931 ἦν.
583 860 765 924 Κακδς
800 862 985 925 κακῶς
1013 861 1267 915 ἀπόλοιτο
1294 858 1610 931 Κερεάλιος,
1641 860 1689 911 εί
1720 857 1795 929 μὴ

220 955 316 1007 καὶ
346 953 698 1023 προαπόλωλε
728 953 825 1023 τῆς
852 952 1023 1023 ἀρᾶς·
1055 951 1131 1014 ὼς
1160 950 1306 1015 ἄξιός
1327 967 1392 1019 γε
1424 945 1492 1020 ἧν
1518 948 1677 1020 ἔργον
1705 964 1797 1016 γε⁹

217 1047 431 1115 γονέναι
460 1046 553 1099 τοῦ
589 1044 779 1118 πρώην
821 1044 1089 1114 χειμῶνος
1111 1061 1125 1074 ο
1158 1042 1217 1106 ὃς
1245 1042 1431 1112 ἐπειδὴ
1481 1041 1580 1110 τὴν
1613 1038 1796 1110 χώραν

218 1134 358 1188 εἶδεν
397 1138 453 1189 ἐν
500 1128 544 1202 ᾧ
582 1134 827 1187 κινδύνου
860 1134 1216 1202 κατέστησεν,
1244 1131 1513 1201 ἠπίστησε
1543 1126 1799 1192 καθάπαξ

220 1227 288 1293 τῇ
311 1227 379 1294 γῇ
408 1239 423 1254 ο
453 1224 549 1276 καὶ
576 1222 637 1275 τὸ
685 1221 908 1292 χρυσίον
960 1219 1134 1284 ἐνθεὶς
1182 1218 1515 1290 διαρμενίοις
1550 1216 1796 1281 ὁλκάσιν,

219 1312 315 1364 ἐπὶ
344 1311 616 1381 μετεώρου
645 1305 881 1363 σαλεύει.
901 1309 1012 1372 Τάς
1036 1308 1093 1362 δέ
1116 1308 1401 1371 ἐπιστολὰς
1428 1306 1592 1360 αὑτοῦ
1622 1324 1798 1378 παρα-

222 1404 376 1473 φέρει
402 1403 666 1472 κελήτιον⁶
699 1400 873 1454 ταῦτα
902 1399 938 1454 ἃ
956 1400 1022 1470 δὴ
1050 1400 1145 1453 καὶ
1176 1397 1443 1470 ποιοῦμεν
1478 1398 1799 1452 ἐπιταττού-

222 1512 341 1559 σας,
364 1493 494 1547 εἴσω
513 1492 709 1563 τειχῶν
728 1487 886 1558 εἶναι,
914 1490 1116 1562 μηδένα
1131 1490 1411 1560 προπηδᾷν
1434 1489 1538 1542 τῶν
1554 1489 1795 1560 τάφρων,

222 1586 359 1657 μηδέ
387 1584 553 1656 ὁμόσε
603 1584 799 1655 χωρεῖν
837 1582 1074 1653 ἀμάχοις
1098 1579 1438 1650 ἀνθρὼποις’
1488 1579 1522 1651 ἢ
1566 1579 1800 1650 διαμαρ-

1896 425 2327 495 gionembostes
2359 424 2631 478 obtinent.
2687 422 2803 491 Ego
2854 439 2956 494 pro
2998 427 3273 484 menibus
3324 429 3465 485 inter

1897 522 2082 570 turres
2111 516 2411 570 collocatus
2446 528 2643 569 somno
2672 512 2977 571 conﬂictor.

1970 609 2133 663 Μαῖα
2166 609 2295 664 mihi
2321 610 2532 663 hastato
2564 609 2850 679 praebetur,
2888 609 3128 665 Bacchus
3159 612 3215 665 in
3240 612 3400 668 hasta

2044 680 2335 734 Ismaricus
2354 698 2372 733 :
2394 680 2518 733 dum
2545 697 2626 734 me
2650 682 2873 735 sustinet
2904 680 3082 745 hasta,
3116 682 3257 737 bibo.

1895 772 2093 826 Nescio
2124 787 2191 824 an
2233 772 2623 824 Archilochum
2655 770 2829 840 magis
2879 771 2993 825 haec
3032 786 3301 841 usurpare
3332 783 3496 827 con-'

1896 865 2126 917 veniret.
2163 861 2297 915 Male
2328 864 2505 915 malus
2545 870 2729 931 pereat
2775 860 3037 927 Cerealis,
3066 862 3171 917 nisi
3202 871 3329 918 ante
3364 863 3468 917 im-

1897 955 2272 1024 precationem
2301 955 2563 1023 perierit;
2602 953 2737 1007 adeo
2759 955 2958 1024 dignus
2998 963 3116 1009 erat
3142 969 3304 1024 quem
3340 970 3469 1025 pro-

1896 1047 2041 1100 xima
2072 1054 2367 1115 tempestas
2420 1060 2452 1100 e
2503 1045 2681 1100 medio
2723 1047 2953 1101 tolleret.
3020 1044 3123 1110 Qui
3177 1051 3465 1116 postquam

1897 1137 2286 1191 animadvertit
2338 1151 2586 1206 quamam
2613 1137 2668 1191 in
2698 1138 2935 1206 pericula
2961 1136 3301 1206 provinciam
3331 1150 3466 1190 con-

1891 1228 2136 1296 iecisset,
2166 1235 2326 1282 terrae
2359 1229 2579 1299 penitus
2602 1229 2810 1283 diﬂidit.
2850 1228 3038 1295 Itaque
3061 1243 3197 1283 auro
3228 1229 3376 1283 omni
3410 1228 3469 1283 in

1896 1319 2171 1374 actuarias
2197 1320 2340 1375 binis
2374 1321 2507 1377 velis
2535 1322 2833 1375 instructas
2865 1320 3147 1389 imposito,
3174 1319 3229 1373 in
3268 1320 3387 1375 salo
3413 1327 3468 1374 et

1897 1412 2153 1467 anchoris
2180 1411 2425 1467 ﬂuctuat.
2455 1412 2674 1467 Littera:
2704 1427 2834 1467 vero
2862 1412 3008 1466 illius
3036 1411 3257 1479 parvula
3286 1411 3469 1467 celoce

1896 1504 2223 1559 deferuntur
2247 1519 2261 1557 :
2287 1520 2407 1575 quae
2437 1505 2604 1569 idem,
2635 1504 2783 1574 quod
2832 1520 2934 1559 nos
2969 1503 3224 1567 facimus,
3275 1503 3468 1573 praeci-

1898 1598 2076 1665 piunt,
2102 1604 2161 1649 ttt
2193 1596 2336 1650 intra
2371 1610 2559 1651 muros
2592 1596 3016 1662 contineamur;
3052 1609 3123 1649 ne
3175 1594 3464 1664 quisquam

217 1678 440 1749 τύρεται
465 1676 703 1747 καθαρὸς
732 1675 906 1738 σίτίας
928 1672 1086 1726 εἶναι.
1113 1671 1363 1735 Φυλακὰς
1389 1672 1445 1725 δὲ
1476 1671 1793 1726 καθιστάναι

1898 1696 2055 1742 extra
2089 1688 2266 1743 fossas
2303 1688 2540 1754 exsiliat,
2584 1702 2719 1743 neve
2752 1701 2876 1742 cum
2913 1686 3137 1742 invictis
3189 1686 3323 1741 viris
3353 1698 3469 1739 ma-

217 1768 457 1821 διδάσκει
489 1767 587 1837 τῆς
626 1764 819 1829 νυκτὸς
858 1764 1145 1834 τέτταρας,
1180 1762 1255 1825 ὡς
1282 1763 1341 1815 ἐν
1368 1763 1447 1833 τῷ
1482 1763 1557 1833 μὴ
1596 1762 1795 1817 καθεύ-

217 1860 329 1912 δειν
358 1857 530 1910 οὐσῶν
559 1856 669 1909 τῶν
694 1855 944 1908 ἐλπίδων.
972 1856 1155 1907 ’Έοικε
1178 1854 1286 1924 γὰρ
1315 1848 1451 1906 εἶναι
1478 1854 1547 1908 τὰ
1574 1854 1796 1907 τοιαῦτα

221 1950 404 2019 σοφὸς,
441 1950 535 2003 ἆτε
564 1948 867 2019 ἐπιτήδειος
898 1948 1115 2016 ἀτυχεῖν
1150 1946 1455 2018 ἄνθρωπος.
1484 1947 1594 1999 Καί
1625 1947 1706 2000 τοί
1732 1964 1797 2015 γε

217 2045 351 2112 ἡμῖν
379 2042 499 2094 οὐδὲ
527 2040 775 2110 μετέχειν
800 2037 1075 2109 ἠϐουλήθη
1100 2037 1209 2091 τῶν
1238 2038 1551 2109 συμφορῶν.
1583 2038 1657 2090 0ιί
1688 2036 1796 2108 γὰρ

218 2134 351 2203 παρ’
379 2132 604 2197 ἔπαλξιν
630 2131 818 2201 ὥσπερ
846 2129 957 2198 ἐγὼ
987 2129 1240 2193 Συνέσιος
1273 2132 1301 2183 ό
1330 2129 1636 2198 φιλόσοφος,
1664 2130 1799 2183 ἀλλὰ

219 2223 371 2294 παρὰ
404 2224 596 2293 κώπην
640 2225 669 2277 δ
701 2221 1002 2293 στρατηγὸς
1032 2220 1266 2275 ἵσταται.
1303 2221 1367 2273 El
1399 2220 1463 2291 δὴ
1494 2220 1602 2275 τῶν
1636 2238 1797 2291 ποιη-

221 2316 588 2387 μάτωνέρᾷς
640 2315 782 2384 άπερ
816 2313 1061 2383 ᾔτησαςο
1100 2311 1193 2365 καί
1218 2311 1301 2364 τοί
1333 2328 1398 2378 γε
1441 2313 1601 2381 ἡμεῖς
1643 2312 1796 2365 οὐδὲν

215 2406 400 2467 αὐτοῖς
438 2402 695 2471 σύνισμεν
724 2400 945 2469 ἀγαθὸν,
976 2402 1059 2453 ὄτι
1094 2399 1169 2470 μὴ
1211 2399 1310 2471 τὴν
1348 2399 1634 2452 ὑπόθεσιψ
1670 2400 1797 2452 σύν-

216 2495 371 2560 ευξαι
401 2492 729 2564 Κυρηναίοις
767 2492 962 2563 μικρὸν
1008 2490 1115 2544 ἀπὸ
1145 2489 1257 2544 τῶν
1292 2489 1473 2545 ὅπλων
1514 2490 1786 2558 γενέσθαι.

229 2586 318 2648 Ὠς
346 2584 453 2656 γὰρ
486 2585 581 2637 νῦν
612 2584 827 2654 ἔχομεν,
859 2583 959 2636 οὐκ
991 2581 1136 2637 ἐστιν
1165 2581 1275 2637 ἀπὸ
1305 2581 1574 2635 κιϐωτίων
1600 2581 1787 2653 ἐξερά-

217 2695 309 2740 σαι
338 2676 451 2749 [γρ.
486 2674 804 2747 ἐξάρασθαι]
837 2675 1035 2746 βιϐλία.

1895 1795 2024 1833 num
2044 1794 2425 1844 conseramus,
2452 1778 2657 1850 alioqui
2677 1777 2811 1833 deos
2826 1777 3187 1847 hominesque
3210 1783 3466 1839 testatur,

1893 1868 2045 1922 omni
2093 1881 2154 1923 se
2185 1869 2344 1938 culpa
2384 1877 2725 1923 vacaturum.
2765 1867 2849 1921 Ad
2898 1866 3014 1921 haec
3044 1874 3340 1937 quaternas
3372 1880 3470 1936 per

1895 1966 2113 2014 noctem
2140 1958 2356 2029 vigilias
2383 1959 2649 2015 constitui
2678 1958 2870 2027 jubet;
2901 1957 3059 2027 quasi
3093 1957 3150 2011 in
3198 1955 3469 2011 insomnia

1896 2063 2020 2115 spes
2052 2048 2125 2102 sit
2156 2048 2339 2102 omnis
2372 2059 2564 2104 nostra
2620 2051 2821 2120 posita.
2876 2048 3111 2104 Videtur
3136 2048 3283 2103 enim
3317 2048 3471 2102 hisce

1896 2134 1952 2186 in
1993 2132 2158 2188 rebus
2181 2143 2473 2204 expertus;
2507 2144 2699 2205 utpote
2728 2138 2992 2191 aerumnis
3024 2152 3089 2191 ac
3115 2136 3352 2192 miseriis
3380 2152 3472 2193 as-

1895 2221 2197 2278 suefactus.
2250 2223 2367 2278 Etsi
2404 2240 2473 2279 ne
2507 2226 2797 2281 nobiscum
2833 2228 3057 2297 quidem
3098 2242 3467 2282 aerumnarum

1895 2327 2019 2366 esse
2045 2314 2219 2367 voluit
2247 2316 2546 2387 particeps.
2579 2316 2696 2371 Non
2729 2318 2879 2372 enim
2911 2318 2979 2373 ad
3031 2319 3469 2390 propugnacula,

1896 2401 2060 2472 266
2094 2413 2151 2458 ut
2181 2419 2281 2474 ego
2313 2405 2578 2476 Synesius
2604 2406 2989 2476 philosophus,
3018 2409 3111 2462 sed
3149 2407 3218 2462 ad
3256 2421 3466 2462 remum

1897 2492 2005 2547 dux
2043 2496 2318 2552 consistit.
2351 2498 2533 2563 Quare
2566 2498 2611 2552 si
2648 2507 2903 2568 poemata
2946 2498 3249 2563 desideras,
3282 2511 3403 2568 quae
3430 2511 3468 2549 α

1897 2600 1987 2639 me
2018 2587 2328 2654 postulasti,
2375 2590 2593 2645 tametsi
2658 2591 2712 2643 in
2754 2591 2823 2646 iis
2858 2590 3017 2655 nihil,
3069 2596 3269 2661 praeter
3307 2602 3470 2659 argu-

1888 2688 2131 2733 mentum
2157 2716 2174 2743 ,
2202 2679 2364 2734 laude
2384 2680 2606 2750 dignum
2637 2682 3009 2751 agnoscimus,
3041 2695 3167 2735 cum
3195 2678 3469 2752 Cyrenaeis

218 2785 467 2843 precare,
499 2775 559 2822 ut
582 2767 649 2821 ab
674 2768 841 2821 armis
873 2766 1145 2836 respirare
1177 2764 1359 2819 liceat.
1392 2763 1527 2817 Nam
1564 2770 1622 2816 ut
1649 2778 1795 2817 nunc
1835 2779 1893 2820 se
1931 2774 2132 2824 nostra:
2152 2784 2241 2825 res
2264 2770 2484 2836 habent,
2519 2770 2691 2825 libros
2718 2787 2748 2825 e
2787 2771 2983 2827 loculis
3036 2785 3258 2843 egerere
3295 2771 3466 2826 otium

219 2872 307 2918 est
339 2861 575 2915 nullum.

745 2945 1091 3000 ΕΠΙΣΤΟΛΗ
1130 2945 1253 2997 PA'.

817 3034 1200 3104 Πυλαιμένει.

291 3134 430 3197 Τοὺς
463 3129 872 3201 γεωμετρικοὺς
898 3128 1057 3197 ὄρους
1087 3122 1485 3194 ἀληθεστάτους
1518 3120 1675 3193 ήγοῦ,
1707 3122 1799 3174 ὅτε

222 3243 289 3295 γε
321 3225 417 3277 καὶ
444 3225 565 3285 ταῖς
592 3221 778 3283 ἄλλαις
808 3218 1137 3287 ἐπιστήμαις
1162 3217 1394 3285 ὑπάρχει
1420 3212 1795 3284 σεμνύνεσθαι,

217 3312 324 3367 κᾶν
353 3310 691 3381 καταμικρὸν
720 3310 803 3371 εἰς
835 3308 933 3370 τάς
962 3306 1263 3371 ἀποδείξεις
1287 3304 1466 3358 αὐτῶν
1495 3306 1560 3356 ἐκ
1586 3320 1799 3372 γεωμε-

219 3404 374 3473 τρίας
398 3420 451 3455 τι
483 3400 946 3471 συμπορίσωνται.
980 3397 1137 3450 Ἔστι
1187 3396 1359 3466 δήπου
1409 3413 1493 3458 τις
1532 3396 1589 3447 ἐν
1615 3395 1799 3456 αὐτοῖς

218 3496 379 3562 λόγος
410 3490 577 3558 ἀξιῶν
606 3490 676 3544 τὰ
700 3489 777 3560 τῷ
805 3488 953 3560 αὑτῷ
985 3488 1053 3542 τὰ
1081 3487 1241 3553 αὐτὰ,
1270 3488 1362 3542 καὶ
1388 3486 1638 3557 ἀλλήλοις
1659 3480 1796 3539 εἶναι

217 3586 328 3637 δεῖν
362 3582 431 3636 τά
476 3581 634 3636 αὐτά.
676 3580 830 3651 Ἐμοὶ
861 3579 922 3651 δή
960 3597 1018 3632 σε
1047 3579 1145 3650 μὲν
1171 3580 1199 3632 ὁ
1224 3578 1425 3650 τρόπος
1457 3577 1680 3647 ἐποίησε
1710 3576 1797 3645 φί-

218 3676 309 3728 λον
329 3691 343 3704 ·
375 3675 466 3726 τὸν
508 3674 566 3727 δὲ
600 3672 900 3743 θαυμάσιον
934 3672 1178 3739 Διογένη,
1220 3670 1313 3724 καὶ
1345 3671 1378 3740 ή
1414 3670 1573 3738 φύσις
1595 3687 1608 3699 ο
1628 3668 1792 3739 ἄμφω

217 3766 275 3818 δὲ
315 3765 431 3827 ἐνὸς
462 3764 583 3816 ἐστε
612 3764 774 3832 φίλοι.
815 3764 906 3814 Δεῖ
933 3762 996 3831 δὴ
1032 3762 1124 3814 καὶ
1167 3760 1413 3831 ἀλλήλων
1463 3760 1607 3828 ὑμᾶς
1637 3760 1796 3829 ἐξηρ-

216 3857 450 3925 τῆσθαι,
494 3854 745 3924 καθάπερ
792 3853 926 3922 ἐμοῦ
978 3854 1071 3906 τοῦ
1120 3851 1307 3921 μέσου.
1363 3850 1623 3903 Συνάπτω
1682 3866 1795 3901 τοι-

217 3947 423 4017 γαροῦν
462 3948 606 4016 ὑμᾶς
652 3945 901 4015 ἀλλήλοις
951 3944 1039 3997 διὰ
1083 3944 1183 4013 τῆς
1232 3943 1536 4013 ἐπιστολῆς,
1578 3941 1696 4012 μεθ’
1729 3934 1797 4011 ἧς

217 4037 413 4092 ἑαυτὸν
467 4038 565 4106 μὲν
600 4034 852 4089 ἐπιδώσει
892 4036 956 4104 τῇ
1008 4034 1159 4103 φιλίᾳ
1192 4033 1292 4102 τῆς
1346 4033 1446 4101 σῆς
1491 4048 1792 4102 σεμνοπρε-

218 4126 379 4188 πείας
418 4128 445 4178 ὁ
469 4124 769 4194 θαυμάσιος
799 4123 1086 4194 Διογένης·
1126 4122 1474 4192 ἀντιλήψεται
1502 4120 1578 4184 δὲ,
1613 4116 1671 4174 εὖ
1694 4117 1789 4173 οἷδ’

218 4216 323 4279 ὅτι,
358 4213 447 4267 τὸν
500 4214 629 4283 ἐμὸν
683 4212 1021 4282 Πυλαιμένη.
1078 4211 1274 4264 Καλῶν
1325 4212 1432 4281 γάρ
1478 4214 1633 4281 ἐμὸν,
1666 4211 1791 4265 οὔτε

2392 2943 2736 3000 EPISTOLA
2773 2946 2967 3002 CXXX
2981 2991 2993 3003 .

2531 3034 2844 3105 Pylwmem'.

1970 3120 2345 3177 Geometricas
2384 3122 2735 3180 deﬁnitiones
2773 3128 3092 3183 verissimus
3136 3145 3259 3188 esse
3296 3142 3469 3201 puta;

1898 3225 2026 3265 cum
2068 3220 2276 3267 caeteras
2307 3214 2472 3268 etiam
2522 3215 2828 3283 disciplina:
2883 3218 3206 3287 glorientur,
3255 3223 3472 3291 quoties

1899 3300 2156 3367 exiguum
2193 3301 2401 3371 aliquid
2430 3300 2499 3355 ad
2528 3316 2659 3358 suas
2697 3303 3192 3362 demonstrationes
3222 3324 3288 3363 ex
3340 3326 3470 3380 geo-

1902 3390 2093 3443 metria
2134 3392 2571 3461 corrogaverint.
2629 3391 2725 3447 Est
2774 3402 2957 3449 autem
3011 3396 3267 3452 nimirum
3331 3402 3471 3457 ratio

1899 3479 2146 3546 quaedam
2198 3480 2344 3534 inter
2397 3479 2556 3546 illas,
2608 3497 2731 3551 quae
2781 3486 2923 3538 ratio
2975 3487 3163 3541 eadem
3216 3488 3359 3544 inter
3413 3506 3473 3546 se

1900 3567 2237 3625 deﬂnitesse
2278 3577 2553 3641 oportere,
2606 3588 2728 3644 qua:
2786 3574 2975 3629 eadem
3030 3591 3154 3631 cum
3217 3594 3329 3635 uno
3378 3595 3473 3637 oo-

1904 3662 2137 3730 demque
2170 3659 2399 3716 fuerint.
2439 3661 2559 3716 Jam
2598 3681 2723 3719 cum
2772 3673 2825 3720 te
2868 3666 3000 3720 mihi
3054 3669 3307 3736 animus,
3359 3687 3473 3727 mo—

1899 3767 2097 3820 resque
2135 3752 2485 3807 conciliarint
2512 3794 2526 3819 ,
2559 3756 2835 3825 egregium
2868 3771 2998 3811 vero
3034 3756 3328 3829 Diogenem
3374 3778 3474 3816 na-

1897 3850 2018 3895 tura
2041 3842 2203 3897 etiam
2235 3844 2375 3913 ipsa,
2422 3846 2583 3899 ambo
2615 3854 2795 3901 autem
2822 3847 3068 3917 ejusdem
3096 3852 3270 3906 'amici
3305 3854 3428 3908 sitis
3452 3898 3469 3922 ,

1897 3947 2122 3987 necesse
2158 3940 2237 3988 est
2264 3934 2510 4005 profecto
2553 3938 2787 3992 invicem
2838 3955 2936 3995 vos
2976 3957 3100 3996 esse
3140 3944 3470 4014 devinctos;

1896 4024 2353 4091 quemadmodum
2396 4042 2610 4082 mecum
2656 4031 2811 4094 estis,
2863 4038 3123 4103 tanquam
3174 4051 3297 4090 cum
3359 4053 3473 4091 me-

1899 4116 1990 4169 dio
2018 4157 2033 4182 ,
2085 4117 2345 4187 colligati.
2399 4117 2769 4184 Quamobrem
2820 4136 2918 4177 vos
2952 4139 3055 4194 ego
3100 4126 3335 4181 invicem
3371 4128 3473 4184 hac

1896 4207 2126 4274 epistola
2156 4208 2465 4278 conjungo;
2496 4227 2603 4280 qua
2636 4227 2759 4266 cum
2790 4214 3028 4284 seipsum
3058 4217 3473 4286 magniﬁcentia!

219 4280 676 4375 αἰσχύνεινξούτε
706 4280 1054 4374 αἰσχύνεσθαι
1086 4303 1316 4373 φήσαιμ’
1351 4280 1416 4355 ἂν
1438 4280 1632 4370 ἔγωγε.
1666 4302 1788 4356 Ὀτι

1898 4306 2000 4351 tute
2046 4299 2300 4353 amicitia:
2350 4301 2648 4369 praeclarus
2701 4280 2969 4373 Diogenes
3025 4280 3359 4373 committet,
3404 4324 3470 4364 ac

217 4397 275 4447 δὲ
300 4394 388 4446 διά
429 4393 523 4445 σοῦ
552 4393 795 4453 καὶτοὺς
825 4391 1017 4453 ἄλλους
1046 4389 1157 4453 ’ἐξει
1178 4390 1303 4452 τοὺς
1334 4388 1434 4458 ἐμὲ
1466 4388 1790 4456 ἀγαπῶντας

220 4487 425 4554 φίλους,
460 4488 604 4546 ὅσοις
649 4484 707 4536 δὲ
752 4483 978 4552 δύναμίς
1022 4484 1159 4545 ἐστι,
1193 4483 1288 4535 καὶ
1330 4481 1653 4551 χρησίμους,
1692 4482 1793 4534 οὐκ

218 4578 284 4631 ἂν
313 4578 519 4639 δίκαιος
540 4576 677 4645 είην,
708 4575 755 4626 εί
784 4574 1208 4644 ἀμφιδάλλοιμι·
1249 4573 1330 4626 δεῖ
1358 4572 1414 4624 δὲ
1448 4571 1598 4642 αὑτῷ
1624 4571 1793 4640 φίλων

219 4667 528 4739 χρησίμων,
564 4665 724 4735 εἴπερ
764 4682 840 4734 τῳ
873 4665 1113 4719 πώποτε.
1151 4662 1233 4716 Τὰ
1274 4662 1383 4733 γὰρ
1433 4663 1554 4714 κατ’
1608 4662 1791 4725 αὐτὸν,

218 4765 295 4823 ὡς
340 4761 396 4813 ἐν
426 4756 781 4830 βραχυτάτοις
800 4794 815 4819 ,
849 4753 1021 4817 οὕτως
1062 4754 1175 4823 ἔχει
1204 4772 1218 4784 ·
1253 4753 1389 4817 Νέος
1413 4754 1560 4805 ἐστὶν
1590 4752 1795 4816 ἁπλοῦς

218 4852 315 4904 καὶ
345 4854 610 4919 γενναῖος,
652 4848 960 4918 θυμοειδὴς,
990 4846 1084 4900 καὶ
1119 4848 1313 4917 πρᾷος,
1346 4847 1489 4908 οἴους
1518 4846 1546 4897 ὁ
1572 4845 1797 4898 Πλάτων

218 4942 361 5005 ἀξιοῖ
378 4942 476 5011 τῆς
497 4939 692 4995 ἐαυτοῦ
723 4940 931 5001 πόλεως
958 4940 1083 5002 τοὺς
1106 4938 1349 5006 φύλακας
1370 4933 1528 4991 εἶναι.
1572 4937 1796 5007 Ἐστρά-

217 5032 402 5086 τευταί
436 5032 500 5099 γέ
524 5048 607 5083 τοι
646 5033 741 5084 καὶ
769 5024 922 5092 οὗτος
957 5030 1151 5099 κομιδῆ
1184 5030 1468 5098 μειράκιον
1501 5026 1595 5081 ὢν.
1635 5028 1797 5096 ’Ἄρτι

217 5123 275 5175 δὲ
301 5120 359 5185 ἐξ
393 5119 609 5190 ἐφήϐων
633 5114 767 5189 ἦρξε
795 5122 923 5190 παρ’
951 5120 1082 5189 ἡμῖν
1104 5119 1202 5189 τὴν
1228 5118 1335 5170 τῶν
1368 5116 1789 5189 στρατευμάτων

217 5211 414 5283 ἀρχὴν,
464 5209 943 5279 παραϐαλλόμενος
985 5209 1079 5261 ἐπὶ
1131 5207 1413 5277 βασκάνων
1470 5205 1784 5276 μαρτύρων.

217 5300 463 5354 Ἰόιοῦτοι
495 5300 603 5371 γὰρ
651 5301 700 5352 οἱ
752 5300 968 5352 πολῖται
1028 5298 1165 5369 πρὸς
1211 5299 1357 5352 ἆπαν
1396 5297 1455 5350 τὸ
1502 5293 1783 5365 εὐτυχοῦνο

218 5392 332 5447 ἀλλ’
359 5385 512 5454 οὗτος
546 5391 736 5444 ἐαυτὸν
768 5391 1008 5462 παρέσχε
1041 5388 1136 5442 καὶ
1166 5387 1360 5456 φθόνου
1388 5384 1619 5457 κρείττω
1650 5383 1782 5455 (66).

1896 4389 2107 4444 deferet
2143 4411 2157 4445 :
2192 4392 2438 4448 vicissim
2473 4404 2673 4459 autem,
2723 4397 2800 4449 uti
2832 4397 3069 4461 conﬁdo,
3111 4397 3467 4469 Pylaemenem

1897 4494 2077 4531 meum
2115 4481 2366 4549 accipiet.
2400 4481 2571 4547 Quem
2615 4500 2738 4536 cum
2799 4487 3013 4554 appello
3058 4502 3262 4551 meum,
3295 4504 3472 4560 neque

1899 4568 1976 4620 illi
2012 4569 2275 4637 pudorem
2325 4570 2526 4637 facere,
2557 4586 2732 4640 neque
2772 4573 2914 4627 allici
2950 4590 3059 4639 me,
3096 4576 3360 4631 audacter
3386 4578 3472 4632 di-

1899 4661 2093 4714 xerim.
2126 4661 2235 4716 Sed
2264 4662 2505 4733 reliquos
2536 4664 2782 4732 insuper,
2817 4665 2914 4734 qui
2960 4680 3048 4720 me
3079 4674 3284 4732 ament,
3333 4666 3471 4721 ami-

1894 4766 2011 4812 cos,
2043 4766 2141 4805 eos
2186 4752 2352 4806 etiam
2388 4754 2576 4818 utiles,
2644 4754 2847 4823 quibus
2900 4753 3135 4812 facultas
3193 4764 3466 4826 suppetet,

1894 4857 1989 4909 per
2018 4850 2071 4897 te
2111 4842 2264 4897 illum
2301 4844 2892 4916 habiturum,iniquus
2944 4846 3047 4901 sim
3095 4846 3143 4902 si
3199 4848 3468 4903 dubitem.

1894 4932 1988 4985 Est
2028 4941 2209 4987 autem
2247 4934 2375 5005 ipsi,
2408 4934 2455 4989 si
2485 4935 2573 4989 cui
2608 4951 2847 5005 unquam
2878 4936 3062 5002 alteri,
3094 4938 3290 4992 amicis
3330 4952 3469 5007 opus

1895 5024 2147 5079 utilibus.
2180 5024 2230 5079 ls
2260 5027 2405 5079 enim
2436 5033 2539 5089 est,
2592 5034 2651 5079 ut
2708 5027 2899 5095 paucis
2931 5026 3242 5097 expediam,
3284 5044 3467 5084 rerum

1900 5116 2047 5169 illius
2087 5123 2305 5170 Status:
2350 5116 2690 5171 Adolescens
2732 5117 2961 5187 simplex
2990 5126 3096 5183 est,
3140 5132 3205 5172 ac
3242 5133 3471 5190 genero-

1896 5220 2014 5267 sus,
2053 5206 2217 5260 animi
2260 5206 2476 5277 plenus,
2510 5214 2676 5279 atque
2723 5208 2889 5272 mitis,
2946 5209 3262 5278 cujusmodi
3311 5207 3472 5264 Plato

1894 5296 2033 5365 reip,
2067 5312 2182 5351 suae
2214 5297 2474 5352 custodes
2501 5312 2627 5353 esse
2654 5296 2953 5353 desiderat.
3018 5297 3267 5353 Militavit
3306 5315 3470 5369 porro

1891 5396 1947 5440 et
1974 5389 2021 5441 is
2057 5388 2347 5442 admodum
2389 5404 2544 5460 puer.
2584 5390 2778 5443 Statim
2801 5396 3008 5455 autem,
3048 5399 3335 5460 postauam
3370 5406 3472 5443 ex-

1445 5475 1625 5530 DION.
1660 5475 1934 5531 PETAVU
1976 5477 2205 5533 ΝΟΤΑΕ.

290 5579 403 5649 (66)
452 5577 698 5631 Ἑαυτὸν
722 5577 988 5644 παρέσχε
1010 5574 1105 5627 καὶ
1121 5576 1320 5697 ιρόὸὀυ
1343 5574 1613 5652 κρείττω..
1641 5572 1796 5637 Quod

290 5649 593 5697 mr-illimum
635 5651 710 5697 ait
742 5647 803 5697 D.
839 5645 1059 5697 llieron.
1088 5660 1116 5696 a
1191 5642 1465 5697 Salviuam
1498 5662 1511 5692 :
1547 5642 1784 5697 Didicile.

219 5642 593 5705 diﬂicillimum
635 5651 710 5700 ait
742 5642 811 5699 ι).
839 5642 1059 5700 Ilieron.
1088 5642 1154 5697 ad
1191 5642 1465 5698 Salvinam
1498 5662 1511 5692 :
1547 5642 1784 5711 Diﬂicile,

542 5746 814 5804 PATBOL.
861 5743 955 5799 Gn
1032 5740 1245 5803 LXVI.

1903 5574 2000 5632 ait,
2040 5573 2183 5639 factu
2215 5582 2290 5625 est
2332 5574 2552 5639 gloriam
2582 5577 2773 5628 virtute
2799 5589 3068 5641 superare,
3114 5583 3161 5626 et
3195 5572 3259 5624 ab
3283 5571 3349 5625 iis
3380 5572 3468 5623 di-

1897 5642 2010 5727 ligi,
2046 5641 2353 5715 [LXXXVI]
2389 5661 2515 5713 quos
2542 5650 2831 5732 prwcedar.
2866 5643 2967 5699 Ubi
2997 5644 3135 5697 nihil
3168 5650 3341 5708 muto,
3364 5656 3467 5697 nec

3068 5732 3143 5793 48
