3838 6236
419 205 557 260 f5|5

1465 195 1733 252 SYNESll
1767 194 2234 250 PTDLEMAIDIS
2271 195 2580 253 EPISCO‘Pi

3553 203 3687 257 f5l6

413 321 581 385 cessit
612 335 680 376 ex
708 318 958 391 ephebis,
991 316 1134 388 apud
1181 330 1282 372 nos
1343 330 1470 370 cum
1505 314 1750 385 imperio
1817 314 1992 384 copiis

2100 313 2236 384 napi.
2271 308 2333 368 οὗ
2364 313 2531 368 πολλά
2576 315 2674 385 μὲν
2716 314 2783 368 ἂν
2812 314 2998 387 ἕτερος
3025 312 3198 372 εἶπεν.
3248 315 3390 371 Ἀλλ’
3427 319 3688 390 ἐοίκαμεν

415 410 662 481 praefuit,
696 411 801 469 sub
833 409 1046 479 inlquis
1075 408 1306 464 testibus
1362 409 1607 478 pericula
1662 407 1992 478 suscipiens.

415 504 579 560 Tales
607 503 752 566 enim
821 502 1094 556 adversus
1155 501 1397 555 secunda
1447 501 1630 553 omnia
1685 500 1837 555 cives
1872 515 1998 556 esse

413 599 614 651 solent.
685 595 886 649 Verum
945 594 1037 648 ille
1097 594 1246 649 omni
1290 608 1350 648 se
1408 593 1610 647 invidia
1655 592 1996 662 superiorem

372 751 390 765 .
411 689 670 760 praestitit
696 705 710 753 ;
745 688 814 742 de
855 703 966 758 quo
1001 687 1158 758 plura
1181 687 1402 757 quidem
1429 686 1571 741 alius
1600 686 1875 756 quiSpiam
1907 685 1995 739 di-

413 777 575 831 xerit.
617 775 724 831 Sed
748 792 852 832 nos
889 777 1084 830 eodem
1117 774 1502 830 aﬂ‘ecti'modo
1530 776 1780 831 videmur
1811 774 1995 840 ambo,

411 883 514 937 ego
548 866 616 920 ad
657 867 1039 935 prazdicandas
1070 866 1281 933 Iaudes,
1318 866 1409 922 ille
1437 867 1505 921 ad
1533 865 1862 921 audiendas.
1888 864 1993 920 Sed

413 971 473 1013 ut
512 974 623 1012 uno
667 959 838 1014 verbo
904 960 1106 1022 dicam,
1166 959 1256 1013 ille
1299 959 1468 1014 armis
1523 959 1712 1014 hostes
1769 958 1994 1029 patriae;

410 1051 638 1118 virtute,
665 1051 757 1120 qui
791 1052 846 1105 in
878 1066 941 1105 ea
983 1059 1146 1104 erant
1193 1050 1427 1120 perditi,
1467 1049 1767 1119 superavit.
1799 1047 1997 1102 Adulta

405 1139 518 1208 jam
544 1147 706 1194 aetate
732 1138 1033 1208 potentiam
1077 1147 1297 1200 nactus,
1349 1137 1659 1208 philosophi
1695 1136 1998 1190 necessitu-

409 1230 538 1284 dine
573 1229 712 1284 nihil
780 1229 1066 1300 indignum
1109 1228 1352 1282 admisit.
1420 1227 1580 1298 267
1617 1228 1798 1296 Atque
1857 1226 1999 1295 ejus-

414 1321 717 1376 modicum
754 1322 846 1385 sit,
890 1319 1226 1374 difﬁcillimis
1273 1321 1510 1389 negotiis
1564 1319 1894 1388 implicatur,
1927 1318 1999 1372 o‘b

416 1412 472 1467 id
506 1414 743 1468 maxime
784 1412 931 1483 quod
977 1412 1183 1482 probus
1218 1420 1273 1467 ct
1332 1414 1592 1468 honestus
1637 1420 1740 1467 est.
1773 1409 1908 1464 Nam
1941 1417 1999 1464 ut

413 1505 652 1576 quisque
681 1505 979 1570 candidus,
1008 1519 1071 1559 ac
1096 1505 1234 1559 bene
1264 1513 1512 1559 moratus
1554 1511 1660 1566 est,
1712 1505 1786 1557 ita
1818 1519 1846 1557 a
1882 1517 2000 1556 ma-

413 1598 579 1669 lignis
612 1607 665 1653 et
701 1596 933 1668 perditis
968 1596 1024 1651 in
1057 1597 1214 1652 lucro
1253 1595 1550 1667 deputatur
1579 1613 1592 1649 :
1618 1606 1784 1666 atque
1816 1611 1883 1650 ex
1915 1595 1996 1649 al-

412 1699 527 1743 tera
562 1696 720 1760 parte
749 1689 943 1759 ingens
973 1688 1134 1744 malis
1164 1697 1481 1758 proventus,
1518 1696 1682 1756 atque
1733 1701 1995 1757 compen-

409 1782 561 1836 dium
607 1781 807 1836 oritur.
842 1781 1012 1850 lgitur
1049 1780 1262 1834 delator
1303 1779 1492 1834 nescio
1523 1778 1648 1848 quis
1687 1779 1999 1833 mercedem

357 1920 370 1932 .
409 1875 478 1927 ab
511 1873 632 1943 ipso
690 1872 999 1942 exprimere
1061 1873 1275 1937 volens,
1337 1869 1430 1924 ubi
1490 1869 1626 1923 nihil
1689 1881 1993 1938 promovet,

408 1966 562 2020 litem
604 1964 692 2018 illi
735 1963 1016 2031 intendit;
1070 1962 1166 2019 sed
1196 1977 1320 2017 cum
1351 1961 1529 2016 nihilo
1554 1961 1728 2031 magis
1765 1961 1869 2015 hac
1904 1976 1996 2014 ra-

413 2059 566 2118 tione
597 2057 896 2126 quidquam
931 2063 1118 2125 posset
1152 2055 1344 2110 alienat
1387 2054 1466 2108 rei
1505 2053 1780 2123 pellicere,
1813 2067 1938 2107 cum
1968 2067 1999 2105 a

414 2147 578 2203 nobis
607 2146 733 2216 jura
773 2160 838 2202 ac
894 2146 1044 2216 leges
1089 2153 1293 2210 essent,
1337 2144 1446 2198 alio
1495 2158 1554 2200 se
1605 2143 1894 2207 convertit,
1945 2153 1999 2197 et

409 2239 556 2293 litem
586 2239 640 2292 in
666 2239 1080 2294 accusationem
1122 2245 1465 2299 commutat,
1496 2235 1707 2290 crimen
1759 2249 1850 2288 reo
1875 2223 1998 2303 ipso

407 2329 689 2400 antiquius
733 2330 1040 2384 intentans.
1088 2327 1233 2398 Ergo
1286 2337 1413 2382 ante
1450 2325 1829 2380 vadimonium
1877 2341 1999 2381 sese

410 2420 577 2475 sistit.
643 2418 832 2490 Neque
892 2421 1038 2474 enim
1097 2417 1388 2488 desperato
1447 2415 1831 2472 calumniatori
1884 2415 1999 2470 ullo

2098 405 2206 474 γὰρ
2229 406 2428 474 ὁμοίως
2458 405 2623 476 ἔχειν,
2658 405 2770 474 ἐγώ
2789 424 2849 459 τε
2877 408 3014 479 πρὸς
3036 409 3094 461 τὸ
3125 411 3389 474 ἐπαινεῖν,
3414 412 3510 464 καὶ
3539 405 3688 474 οὗτος

2099 496 2235 566 πρὸς
2272 499 2332 549 τὸ
2379 497 2736 552 ἐπαινεῖσθαι.
2771 499 3052 553 Συνελόντι
3092 500 3170 567 δὲ,
3204 503 3476 572 ἐνίκησεν,
3505 502 3688 565 ὅπλοις

2102 587 2200 655 μὲν
2247 589 2373 650 τοὺς
2407 587 2505 658 τῆς
2559 588 2818 659 πατρίδος
2848 590 3108 662 ἐχθρούς·
3145 593 3313 662 ἀρετῇ
3341 592 3420 655 δέ,
3468 593 3600 654 τοὺς
3633 595 3690 645 ἐν

2099 677 2234 748 αὐτῇ
2282 677 2570 749 πονηρούς.
2638 680 2776 743 Νέος
2831 681 2890 733 ἐν
2945 681 3163 752 ἐξουσίᾳ
3217 682 3541 753 γενόμενος,
3588 686 3691 737 οὐκ

2098 768 2299 837 ⁴ᾔσχυνε
2328 767 2622 838 φιλοσόφου
2662 769 2998 839 συγγένειαν.
3037 769 3291 834 Τοιοῦτος
3320 769 3396 824 ὣν
3426 772 3692 842 πράγμα-

2101 875 2186 912 σιν
2226 859 2409 930 όμιλεῖ
2450 859 2756 925 δυσκόλοις,
2786 861 2852 914 δι’
2887 861 3022 913 αὐτὸ
3050 861 3150 931 οὐχ
3193 863 3393 932 ἣκιστα
3426 863 3486 915 τὸ
3525 863 3694 925 καλὸς

2100 953 2195 1004 καὶ
2221 950 2424 1019 ἀγαθὸς
2458 948 2618 1006 εἶναι.
2649 953 2919 1023 Ἕρμαιον
2952 954 3064 1025 γάρ
3089 957 3204 1007 ἐστι
3240 955 3348 1007 τῶν
3396 956 3691 1026 κακοήθων

2099 1046 2244 1108 ἅπας
2277 1045 2526 1126 ἐπιεικής
2547 1059 2560 1076 ·
2592 1045 2687 1098 καὶ
2711 1046 2745 1116 ἡ
2781 1046 3037 1117 πρόσοδος
3065 1048 3177 1111 τοῖς
3214 1049 3471 1118 πονηροῖς
3499 1050 3566 1101 ἐκ
3589 1051 3690 1119 τῆς

2100 1134 2291 1206 ἐτέρας
2355 1135 2572 1206 μερίδος
2636 1136 3017 1206 παραγίνεται.
3078 1139 3387 1211 Ἐνδείκτης
3440 1136 3539 1194 οὖν
3604 1159 3690 1205 τις

2099 1223 2266 1288 ἀξιῶν
2299 1224 2732 1295 μισθοὼτεῖσθαι
2767 1225 2898 1296 παρ’
2926 1225 3110 1290 αὐτοῦ,
3141 1227 3237 1281 καὶ
3269 1228 3344 1300 μὴ
3375 1229 3693 1300 τυγχάνων,

2099 1319 2254 1390 δίκην
2275 1319 2413 1389 πρὸς
2439 1317 2602 1371 αὑτὸν
2633 1317 2846 1388 ἔλαχεν.
2888 1317 2978 1382 Ὧς
3003 1317 3061 1371 δὲ
3085 1319 3146 1371 οὐ
3170 1319 3482 1390 προύχώρει
3513 1321 3689 1390 ταύτῃ

2097 1411 2159 1464 τὸ
2185 1411 2388 1464 σπᾶσαί
2417 1427 2470 1462 τι
2495 1408 2605 1462 τῶν
2629 1409 2688 1462 ού
2714 1409 3121 1480 προστηκόντων,
3157 1409 3271 1462 ἀλλ’
3297 1407 3438 1482 ἦσαν
3459 1411 3512 1463 οἱ
3534 1410 3691 1478 νόμοι

2103 1503 2223 1572 μεθ’
2249 1501 2426 1572 ἡμῶν,
2465 1500 2657 1572 ἐτέραν
2691 1501 2983 1572 ἐτράπετο.
3013 1500 3123 1554 Καὶ
3143 1503 3377 1555 ποιεῖται
3408 1501 3508 1573 τὴν
3529 1501 3692 1571 δίκην

2101 1594 2343 1663 γραφὴν,
2373 1591 2794 1662 ἀνατεινάμενος
2821 1590 3074 1662 ἔγκλημα
3094 1589 3188 1644 τοῦ
3210 1591 3695 1664 κατηγορουμένου

2103 1683 2495 1755 πρεσϐύτερον.
2529 1683 2691 1736 Ἥκει
2722 1682 2788 1752 δὴ
2825 1683 2884 1735 τὸ
2906 1681 3173 1754 κληθῆναι
3209 1683 3442 1751 φθάσας.
3471 1683 3550 1736 Οὐ
3579 1682 3694 1751 γὰρ

2104 1777 2252 1842 ἄξιον
2299 1775 2544 1830 ἐνδοῦναι
2584 1775 2884 1829 θανατῶντί
2923 1791 2987 1844 γε
3031 1775 3374 1845 συκοφάντῃ,
3427 1775 3527 1828 καὶ
3558 1792 3697 1846 προ-

2105 1868 2258 1922 έσθαι
2300 1868 2371 1920 τὰ
2399 1867 2633 1938 πατρῷά
2674 1883 2757 1932 τε,
2803 1867 2899 1919 καὶ
2941 1865 3008 1919 τά
3060 1865 3305 1937 παππῷα
3353 1866 3492 1935 μετὰ
3532 1864 3694 1934 δόξης

2106 1961 2357 2030 αἰσχρᾶς.
2390 1959 2532 2031 Πρὸς
2576 1958 2770 2023 ταῦτα,
2804 1957 2974 2010 δεῖται
3007 1957 3178 2028 φίλων
3210 1957 3435 2020 ἀδόλων,
3471 1958 3695 2025 ἀκαπηο

2105 2052 2332 2116 λεύτων,
2365 2051 2488 2105 νοῦν
2519 2050 2776 2120 ἐχόντων,
2809 2043 2921 2112 οἶος
2949 2045 2999 2102 εἴ
3026 2049 3113 2102 σύ.
3147 2049 3297 2113 Ἕξει
3325 2049 3383 2101 δὲ
3409 2047 3547 2118 (σὺν
3573 2047 3698 2117 Θεῷ

2107 2144 2383 2214 εἰρήσθω)
2419 2144 2477 2197 σὲ
2505 2144 2603 2214 μὲν
2622 2143 2689 2196 δι’
2715 2143 2872 2214 ἐμοῦ,
2895 2142 2983 2196 διὰ
3014 2141 3109 2194 σοῦ
3131 2142 3187 2194 δὲ
3207 2143 3332 2203 τοὺς
3353 2141 3548 2210 φίλους
3566 2143 3691 2203 τοὺς

2105 2236 2274 2306 ἐμούς
2311 2253 2368 2288 τε
2397 2237 2490 2289 καὶ
2523 2235 2676 2299 σούς’
2721 2231 2798 2290 ὧν
2831 2235 2860 2289 ὃ
2899 2252 2950 2288 τι
2973 2235 3037 2289 ἄν
3063 2252 3146 2298 τις
3176 2233 3388 2302 ’ἀγαθὸν
3413 2235 3498 2296 είς
3531 2233 3695 2286 αὐτὸν

2106 2328 2427 2398 ἐργάσηται,
2475 2327 2666 2382 τούτου
2708 2329 2806 2400 τὴν
2849 2330 3009 2400 χάριν
3058 2330 3294 2398 ὀφείλειν
3334 2329 3449 2398 ἐγὼ
3481 2328 3692 2389 δίκαιός

2105 2435 2241 2488 ειμι.

408 2513 574 2568 modo
597 2512 933 2574 credendum
966 2521 1092 2578 est;
1128 2525 1308 2582 neque
1347 2518 1572 2580 paterna
1602 2516 1657 2564 et
1683 2508 1830 2562 avita
1851 2507 1996 2563 bona
2039 2511 2182 2576 turpi
2209 2526 2334 2564 cum
2375 2511 2646 2570 dedecore
2685 2514 2964 2584 perdenda
2999 2524 3146 2569 sunt.
3187 2514 3270 2568 Ad
3331 2515 3437 2568 hoc
3494 2517 3689 2570 amicis

409 2621 547 2675 opus
578 2608 742 2662 habet
781 2607 1039 2670 sinceris,
1068 2603 1559 2697 minime'fucatis,
1594 2600 1986 2673 prudentibus.
2031 2602 2343 2670 cujusmoili
2373 2621 2434 2660 es
2469 2615 2526 2660 tu
2555 2625 2568 2672 ;
2607 2607 2825 2663 habebit
2853 2623 2984 2663 vero
3010 2609 3191 2678 (quod
3252 2607 3362 2659 Deo
3426 2611 3694 2678 ργυιηιωυ

409 2698 614 2752 dictum
641 2712 670 2750 a
699 2713 785 2752 me
811 2697 923 2766 'sit)
953 2706 1006 2751 te
1054 2695 1290 2765 primum
1309 2694 1491 2762 'opera
1522 2706 1662 2754 mea,
1697 2700 1792 2746 tua
1838 2706 1993 2755 vero,
2036 2694 2249 2749 amicos
2313 2711 2490 2760 meos,
2555 2705 2833 2768 tuosque:
2867 2709 2870 2714 '
2910 2714 3146 2769 quorum
3207 2701 3474 2770 quidquid
3547 2705 3691 2759 unus

409 2791 659 2847 beneﬁcii
693 2790 746 2845 in
781 2791 936 2844 illum
973 2788 1293 2852 contulerit,
1346 2787 1511 2856 hujus
1546 2803 1631 2842 me
1680 2787 1868 2858 gratiae
1913 2801 2012 2858 par
2050 2799 2135 2841 est
2164 2789 2463 2844 debitorem
2499 2806 2816 2863 agnoscere.

890 2901 1229 2957 EPISTULA
1259 2899 1479 2955 CXXXI

1053 3052 1058 3056 ι
1105 2991 1310 3045 Fratri.

479 3084 738 3141 Mulieres
777 3085 997 3155 quidem
1030 3085 1343 3148 vociferari,
1391 3099 1453 3138 ac
1485 3093 1676 3153 pectus
1717 3084 1994 3154 plangere,

409 3186 466 3233 et
513 3193 733 3234 comam
764 3178 970 3233 vellere
1015 3219 1030 3243 ,
1074 3177 1212 3232 visis
1257 3184 1352 3230 aut
1412 3178 1685 3236 nuntiatis
1719 3177 2026 3246 hostibus"

409 3270 754 3324 tolerabilius
779 3268 953 3324 videri
981 3275 1163 3338 potest
1186 3286 1198 3322 :
1226 3281 1540 3337 quanquam
1569 3283 1636 3320 ne
1655 3266 1994 3321 tolerandum

409 3361 630 3430 quidem
664 3359 949 3416 existimat
978 3357 1155 3423 Plato,
1195 3358 1342 3428 quod
1367 3359 1540 3413 instar
1568 3358 1892 3426 gallinarum
1925 3358 1993 3410 ad

409 3454 592 3522 pullos
625 3453 907 3522 tegendos,
960 3451 1270 3520 cuicunque
1299 3451 1462 3506 etiam
1496 3449 1838 3505 validissimo
1873 3463 1996 3504 sese

411 3545 589 3598 nolint
634 3557 915 3613 Opponere
958 3561 973 3596 :
1013 3542 1108 3597 sed
1169 3541 1460 3612 pessimam
1507 3540 1748 3594 humano
1805 3539 1992 3609 generi

413 3632 618 3688 famam
642 3640 966 3703 aspergant;
998 3647 1106 3702 pra:
1126 3631 1384 3685 omnibus
1407 3627 1460 3682 id
1482 3643 1606 3684 esse
1635 3627 1826 3683 bestiis
1843 3628 1996 3696 igna-

411 3726 721 3781 vissimum.
751 3725 829 3780 Te
859 3740 990 3780 vero
1023 3722 1212 3778 eadem
1247 3720 1340 3774 illa
1378 3720 1748 3783 committere,
1791 3726 1993 3773 noctu-

411 3833 518 3888 que
557 3816 919 3886 intemperiis,
945 3830 1010 3869 ac
1043 3812 1344 3868 terroribus
1393 3810 1612 3876 agitari,
1641 3817 1696 3863 et
1745 3809 1990 3875 exsilire,

409 3917 466 3962 et
494 3907 790 3964 identidem
827 3904 1150 3968 vociferari,
1217 3902 1320 3958 sub
1352 3901 1488 3973 ipsis
1542 3900 1779 3972 praesidii
1817 3900 1991 3970 portis

411 4010 596 4056 astare
620 4000 914 4054 barbarum
947 3993 1243 4068 (ejusmodi
1273 3995 1420 4050 enim
1450 3993 1517 4048 de
1545 4001 1598 4050 te
1632 3993 1880 4064 quaedam
1921 3993 1992 4048 ad

409 4103 500 4141 me
531 4086 738 4158 perlata
771 4085 955 4154 sunt),
1004 4084 1245 4138 etiamne
1289 4082 1422 4138 ferri
1458 4082 1605 4137 istud
1636 4090 1834 4152 potest,
1865 4097 1989 4137 cum

410 4181 466 4234 id
493 4165 766 4235 absonum.
791 4177 984 4247 utique
1015 4175 1300 4240 videatur,
1356 4189 1481 4229 eum
1507 4175 1601 4243 qui
1637 4174 1806 4229 frater
1837 4189 1991 4230 meus

410 4258 505 4333 sit,
519 4284 643 4326 esse
672 4266 1128 4323 formidolosum?
1154 4264 1320 4334 Atqui
1351 4278 1452 4334 ego
1487 4264 1664 4334 primo
1688 4264 1872 4318 statim
1902 4265 1989 4318 di-

409 4361 597 4416 luculo
659 4374 825 4430 quam
876 4357 995 4414 ﬁeri
1046 4356 1367 4426 longissime
1412 4364 1592 4426 petest
1642 4356 1988 4425 obequitans,

410 4439 641 4508 auribus
664 4461 829 4522 atque
852 4449 1028 4506 oculis
1049 4447 1115 4504 de
1141 4447 1496 4502 abactoribus
1527 4447 1594 4502 iis
1623 4463 1743 4516 quae
1766 4462 1990 4518 possum

411 4546 663 4615 inquiro.
713 4541 900 4613 Neque
927 4541 1071 4596 enim
1105 4539 1290 4594 hostes
1313 4539 1724 4608 appellaverim,
1774 4539 1868 4594 sed
1914 4539 1992 4592 la-

411 4645 599 4692 trones
637 4648 702 4688 ac
733 4642 1074 4705 grassatores
1096 4671 1111 4698 ,
1157 4639 1250 4684 aut
1279 4629 1327 4685 si
1359 4630 1502 4700 quod
1527 4629 1673 4684 aliud
1724 4630 1992 4700 abjectius

411 4739 612 4782 nomen
641 4735 762 4790 est,
802 4725 896 4794 qui
926 4723 1201 4778 neminem
1231 4720 1431 4778 fortius
1454 4722 1801 4776 invadentem
1826 4724 1991 4778 susti-

411 4827 613 4883 neant,
649 4818 745 4874 sed
775 4816 1000 4872 timidos
1042 4829 1108 4870 ac
1137 4814 1398 4870 attonitos
1420 4813 1687 4868 duntaxat
1711 4815 1875 4886 268
1898 4815 1988 4883 ju-

331 4978 334 4981 _
413 4909 902 4980 gulant,tanquam
929 4905 1191 4978 pecudes,
1212 4919 1278 4960 ac
1303 4903 1823 4976 despoliant.Noctu
1859 4920 1989 4961 vero

2622 2902 2965 2958 ΕΠΙΣΤΟΛΗ
3003 2905 3173 2958 PAA'.

2707 2991 2791 3058 Τῷ
2811 2993 3071 3062 ἀδελφῷ.

2174 3079 2254 3132 Τὸ
2277 3079 2374 3149 μέν
2415 3080 2516 3145 τάς
2544 3084 2811 3151 γυναῖκας
2863 3082 2992 3154 βοᾷν
3035 3084 3129 3138 καὶ
3177 3086 3684 3154 στερνοτυπεῖσθαι,

2103 3171 2198 3223 καὶ
2231 3172 2562 3244 σπαράττειν
2594 3175 2690 3237 τὰς
2732 3175 2940 3244 κόμας,
2969 3175 3360 3243 ἐπιφανέντων.
3403 3177 3437 3246 ἢ
3476 3195 3686 3245 προαγ-

2103 3261 2407 3328 γελθέντων
2438 3264 2729 3334 πολεμίων,
2759 3259 2921 3335 ἦττον
2968 3265 3034 3318 ἂν
3063 3264 3230 3329 δόξειε
3256 3266 3430 3318 δεινόν
3450 3284 3466 3299 ’
3507 3269 3689 3320 καίτοι

2105 3354 2382 3408 καὶτοῦτο
2404 3355 2575 3411 δεινὸν
2595 3358 2623 3409 ό
2646 3357 2873 3410 Πλάτων
2895 3358 3004 3426 (67)
3028 3359 3217 3421 οἴεται,
3247 3357 3307 3410 τὸ
3330 3358 3468 3427 μηδὲ
3492 3358 3689 3428 ὥσπερ

2099 3443 2199 3506 τὰς
2213 3444 2390 3514 ὄρνεις
2410 3445 2614 3500 ἐθέλειν
2636 3447 2976 3518 ἀμυνομένας
2995 3448 3138 3517 ὑπὲρ
3155 3446 3262 3500 τῶν
3285 3449 3519 3503 νεοττῶν
3551 3453 3690 3519 1:9";

2099 3535 2277 3589 ὁτιοῦν
2328 3534 2438 3587 τῶν
2474 3534 2869 3607 ἆλκιμωτάτων
2915 3535 3301 3591 ἀνθίστασθαι·
3335 3538 3475 3592 ἀλλὰ
3526 3540 3687 3605 δόξαν

2100 3631 2359 3697 καταχεῖν
2389 3625 2505 3698 [γρ.
2534 3627 2849 3701 κατασχεῖν]
2872 3629 2966 3682 τοῦ
2997 3630 3107 3682 τῶν
3133 3629 3440 3701 ἀνθρώπων
3468 3633 3683 3701 γένους,

2098 3717 2180 3769 ὅτι
2209 3717 2424 3770 πάντων
2448 3715 2652 3787 θηρίων
2676 3717 3040 3786 ἀτολμότατον
3067 3719 3281 3786 γέγονε.
3310 3717 3382 3772 Τὸ
3406 3720 3465 3773 δέ
3499 3723 3598 3774 καί
3624 3739 3686 3775 σε

2097 3808 2272 3862 ταύτά
2302 3809 2535 3872 ἐκείναις
2568 3809 2905 3880 πλημμελεῖν
2924 3849 2940 3875 ,
2969 3811 3064 3864 καὶ
3085 3809 3302 3882 νύκτωρ
3327 3812 3690 3884 ἐκδειματιῦρ

2101 3897 2246 3960 σθαι,
2288 3898 2382 3950 καὶ
2425 3897 2832 3964 διανίστασθαι,
2884 3902 2978 3953 καὶ
3024 3901 3152 3971 βοᾷν
3197 3904 3328 3973 παρ’
3363 3904 3536 3973 αὐτὴν
3589 3903 3681 3957 τοῦ

2099 3989 2362 4061 φρουρίου
2382 3988 2480 4060 τὴν
2512 3989 2684 4061 θύραν
2716 3989 2941 4044 ἑστάναι
2963 3990 3269 4062 βάρϐαρον
3313 3993 3541 4047 τοιαῦτα
3572 3995 3680 4064 γάρ

2097 4097 2180 4143 τις
2213 4081 2512 4151 ἀπήγγειλε
2542 4081 2672 4154 περὶ
2713 4081 2807 4136 σοῦ
2829 4099 2842 4114 ’
2871 4083 2988 4146 πῶς
3036 4083 3116 4136 ἐτι
3152 4083 3325 4137 ταῦτα
3354 4086 3544 4138 οίστὰ·
3573 4086 3675 4138 κᾶν

2098 4171 2324 4235 ἀλλοίως
2358 4171 2534 4224 ἔοικεν
2569 4168 2731 4236 εἶναι,
2765 4173 2898 4242 ἐμὸν
2928 4172 3152 4243 ἀδελφὺν
3172 4173 3321 4236 ὄντα,
3350 4174 3544 4229 ἔπειτα
3566 4177 3673 4230 δει-

2097 4262 2187 4315 λὸν
2217 4257 2389 4328 εἶναι;
2420 4263 2634 4332 Ἐγωγέ
2661 4281 2745 4317 τοι
2777 4263 3249 4335 παρανατειλάσης
3271 4264 3434 4328 εὐθὺς
3461 4267 3674 4336 ἡμέρας

2095 4353 2556 4422 ἐξιππασάμενος,
2593 4353 2669 4418 ὡς
2694 4354 2918 4409 άνυστὺν
2947 4355 3305 4425 πορρωτάτω,
3341 4356 3437 4408 καὶ
3457 4357 3563 4408 ὠσὶ
3585 4359 3672 4408 καὶ

2094 4445 2394 4515 ὀφθαλμοῖς
2446 4445 2514 4498 τὰ
2565 4445 2710 4499 κατὰ
2738 4446 2860 4508 τοὺς
2896 4445 3171 4509 ἀπελάτας
3203 4445 3426 4507 τούτους
3458 4448 3672 4500 ἅπαντα

2097 4535 2557 4608 πολυπραγμονῶ.
2588 4536 2720 4589 Οὑδέ
2753 4537 2861 4608 γὰρ
2890 4537 3040 4602 ἄξιον
3079 4538 3261 4591 καλεῖν
3292 4538 3489 4602 αὐτοὺς
3515 4538 3674 4590 πολε-

2101 4630 2275 4699 μίους,
2304 4629 2439 4682 ἀλλὰ
2464 4629 2665 4703 λῃστᾰς
2691 4630 2723 4700 ἢ
2753 4629 3088 4694 λωποδύτας,
3113 4632 3146 4700 ἦ
3171 4647 3223 4684 τι
3241 4629 3481 4683 τοιοῦτον
3501 4631 3673 4700 ὄνομα

2099 4721 2664 4794 μικροπρεπέστατον,
2703 4721 2752 4775 οἳ
2785 4721 2988 4793 μηδένα
3032 4722 3140 4775 τῶν
3179 4721 3508 4792 ἐρρωμένως
3549 4723 3672 4774 ἐπι-

2097 4813 2411 4883 φερομένων
2436 4813 2772 4882 ὑφίστανται,
2795 4813 2930 4866 sua:
2957 4813 3149 4883 μόνους
3167 4814 3290 4876 τοὺς
3315 4813 3675 4881 καταπλῆγας

2097 4904 2558 4973 ἀποσφάττουσιν,
2599 4904 2787 4976 ὥσπερ
2821 4906 3012 4976 ίερεῖα,
3056 4905 3150 4957 καὶ
3182 4903 3517 4974 περιδύουσι.
3559 4905 3675 4956 Μ-

1661 5039 1844 5100 DION.
1874 5039 2152 5095 PETAVII
2197 5040 2241 5094 Ν
2249 5040 2435 5095 ΟτιΕ.

313 5215 325 5228 ,
411 5158 627 5238 Erasmi
654 5157 1030 5238 conjecturam
1074 5158 1268 5238 probo,
1304 5156 1410 5238 ⁶(μιῇ
1437 5155 1703 5238 inuidiam
1728 5155 1978 5238 ιιι-σθίο-

412 5234 553 5284 riam
587 5227 862 5283 rescribit.
906 5225 1038 5279 Nam
1070 5228 1258 5295 gloria
1303 5226 1533 5280 invideri
1573 5227 1749 5290 solet,
1805 5225 1980 5295 virtus

413 5295 878 5377 diligitur.__Felix
937 5293 1120 5377 itaque
1173 5307 1297 5377 est,
1351 5298 1444 5365 qui
1477 5295 1728 5376 .gloriam
1768 5293 1981 5377 _vir_tt_i_te

412 5363 787 5432 transcendit;
843 5367 918 5421 ita
963 5363 1109 5420 enim
1154 5367 1276 5434 plus
1316 5363 1523 5420 amoris
1553 5379 1720 5436 quam
1768 5363 1985 5418 invidiae

413 5446 745 5577 miriglr'l‘éal
791 5522 891 5577 τοι
914 5503 1015 5577 καὶ
1059 5503 1232 5557 τοῦτο
1260 5503 1460 5577 δεινὸν·
1493 5506 1526 5557 ὁ
1551 5501 1826 5577 Πλάτων.
1861 5500 1979 5577 Lib.

415 5571 615 5646 De'leg'.
647 5593 719 5630 vn
759 5594 772 5629 :
807 5573 978 5642 Πολλὴ
1001 5574 1336 5646 σπου-κακία
1359 5573 1648 5646 πολιτείαις,
1687 5571 1857 5646 οὓτως
1902 5575 1985 5646 al:

420 5637 602 5717 σχρῶξ
647 5646 746 5710 τὰς
793 5637 1056 5713 γυναῖκας
1106 5637 1242 5696 εἶναι
1291 5643 1696 5713 τεθραμμένας,
1737 5642 1812 5706 ὡς
1857 5642 1983 5714 μηδ’

2087 5154 2277 5226 ὥσπερ
2307 5153 2526 5226 ὄρνιθας
2559 5155 2685 5226 περὶ
2714 5153 3274 5226 τέκνων-’μαχομένας
3313 5153 3455 5224 πρὸς
3489 5156 3674 5208 ὁτιοῦν

2085 5225 2195 5277 τῶν
2226 5223 2608 5294 ίσχυρωτάτων
2635 5223 2837 5294 θηρίων
2871 5223 3048 5294 θέλειν
3067 5223 3433 5294 ᾁποθνήσκειν
3464 5240 3546 5294 τε.
3577 5229 3672 5276 καὶ

2089 5291 2602 5364 πάνταςκινδύνους
2641 5291 2994 5364 κινδυνεύειν,
3036 5291 3153 5364 άλλξ
3184 5291 3347 5364 εὐθὺς
3381 5293 3519 5364 πρὸς
3547 5295 3668 5364 ιερὰ

2091 5363 2440 5442 φερομένας2
2480 5363 2688 5442 πάντας
2710 5361 2943 5442 βωμούς
2969 5378 3039 5442 ⁹τε
3076 5363 3168 5414 καὶ
3192 5363 3354 5442 ναοὺς
3387 5361 3666 5429 ἐμπιπλα-

2089 5429 2200 5495 ut,
2231 5429 2510 5498 καϊῖόξαν
2535 5431 2628 5485 τού
2667 5429 2776 5484 τῶν
2811 5429 3110 5501 ανθρώπων
3155 5432 3344 5501 γένολυς
3383 5435 3664 5501 καταχεῦ,

2089 5501 2165 5564 ὡς
2196 5496 2757 5570 πάντωνδειλότατον
2786 5496 2945 5570 φύσει
2999 5496 3186 5570 θηρίον
3241 5496 3402 5554 εἶναι.
3459 5496 3666 5570 διεῖπε-ιι

2092 5571 2168 5622 De
2197 5571 2390 5625 remed.
2429 5572 2636 5638 {oi-mit.
2670 5587 2688 5624 :
2732 5569 3024 5624 Imbecilles
3055 5568 3259 5622 natura
3298 5586 3508 5626 sumus.
3551 5568 3671 5621 .ὶά-

2092 5650 2266 5695 luram
2296 5642 2558 5708 infamare
2585 5641 2764 5694 nolite.
2798 5638 2903 5693 Illa
2931 5639 3092 5707 forte:
3114 5655 3210 5693 nos
3247 5640 3450 5704 qcuuit.
