3838 6236
430 253 567 314 ista
603 244 612 254 '

1443 246 1715 305 SYNESII
1756 243 2229 301 PTOLEMAIDIS
2262 243 2581 302 EPISCOPI

3563 247 3694 299 1520

431 367 780 441 perferendas
810 368 1072 422 traderes.
1102 364 1176 418 Ita
1205 365 1353 420 enim
1388 363 1478 426 fit,
1509 372 1568 418 ut
1592 366 1871 432 nunquam
1929 377 2011 416 re-

2119 377 2248 426 σιον,
2295 361 2396 431 τὴν
2435 359 2728 433 επιστολὴν
2756 358 3095 430 πέμπεσθαι,
3125 358 3264 431 μηδὲ
3291 359 3389 413 ἕνα
3430 361 3690 412 ποιεῖσθαι

429 473 634 525 centes,
656 461 751 518 sed
784 467 1053 516 vetustate
1080 466 1422 528 consumpta:
1454 457 1522 511 ad
1553 472 1639 512 me
1665 455 2004 527 perveniant.

430 552 536 608 Fac
565 554 749 624 igitur,
787 553 930 622 quod
957 566 1043 606 me
1069 551 1250 606 facere
1279 549 1452 604 vides.
1487 546 1682 602 Nullus
1713 548 2010 616 imperato-

428 629 844 699 ris'veredarius
867 656 1068 710 equum
1099 639 1378 712 publicum
1402 646 1624 694 mutans
1661 638 1797 693 urbe
1852 637 2012 707 proli-

427 733 672 796 ciscitur,
700 732 790 786 cui
817 746 928 786 non
961 731 1264 786 humeralis
1289 731 1523 786 sarcinae
1550 743 1680 800 pars
1708 729 1891 798 aliqua
1915 728 2006 791 sit,

425 826 569 895 quod
605 824 670 878 ad
693 821 1057 878 eruditionem
1107 829 1255 876 tuam
1309 821 1569 876 mittitur.
1608 819 1790 887 Quare
1820 821 1867 875 si
1910 819 2011 874 tibi

427 915 656 971 ﬁdeliter
681 913 935 979 reddant,
980 912 1096 968 sive
1141 927 1356 976 omnes,
1405 913 1520 967 sive
1567 926 1757 967 eorum
1797 911 2008 981 aliqui,

429 1007 596 1062 multa
624 1006 692 1060 iis
716 1019 980 1075 prospera
1007 1004 1350 1073 contingant.
1387 1002 1520 1057 Boni
1540 1003 1686 1057 enim
1727 1002 1828 1056 viri
1859 1009 2009 1058 sunt.

427 1098 522 1154 Sin
559 1100 738 1153 minus
761 1136 776 1160 ,
804 1096 907 1151 hac
939 1103 1000 1150 tu
1039 1097 1094 1150 in
1129 1103 1284 1166 parte
1323 1095 1644 1164 prudentior
1675 1110 1770 1161 es,
1810 1095 1902 1164 qui
1943 1095 2012 1149 iis

427 1186 585 1242 fidem
613 1200 720 1240 non
745 1185 1031 1252 adhibeas,
1070 1186 1273 1255 quibus
1304 1184 1492 1239 haberi
1525 1185 1731 1238 nullam
1769 1193 2008 1255 oportet.

427 1281 534 1337 Sed
569 1297 640 1337 ne
686 1281 976 1336 librarium
1029 1289 1086 1336 et
1123 1295 1226 1335 nos
1275 1279 1484 1334 frustra
1527 1279 1839 1350 fatigemus,
1884 1295 2009 1334 cum

425 1372 652 1428 minime
683 1371 1044 1444 perferendas
1087 1371 1155 1426 ad
1201 1380 1256 1428 te
1298 1372 1512 1426 litteras
1543 1371 1842 1431 dictamus.
1891 1386 2013 1426 cer-

425 1468 530 1520 tior
557 1464 710 1521 reddi
741 1465 927 1534 cupio.
961 1463 1299 1519 Mutabimus
1331 1467 1476 1518 enim
1503 1463 1762 1533 deinceps
1792 1471 2012 1518 senten-

422 1558 587 1625 tiam;
624 1552 837 1626 solique
866 1555 1030 1611 Petro
1057 1556 1426 1610 committam.
1463 1553 1574 1610 llas
1596 1570 1760 1624 porro
1797 1555 2012 1611 litteras

2112 450 2469 522 διακομιστὴν
2510 450 2673 522 μόνον
2715 449 2809 504 τὸν
2858 449 3112 519 φίλτατον
3153 449 3340 518 Σύρον.
3390 449 3552 503 υῦτω
3590 450 3692 520 γὰρ

2115 543 2404 613 συμϐαίνει
2437 543 2502 595 τὸ
2533 541 2668 614 μηδὲ
2701 544 2938 613 νεαροῖς,
2975 540 3090 597 ἀλλ’
3113 540 3301 604 ἑώλοις
3329 541 3515 604 αὐτοῖς
3545 559 3692 611 περι-

2111 634 2425 704 τυγχάνειν.
2461 634 2674 705 Ὥσπερ
2701 628 2793 688 οὖν
2827 632 2960 702 ἐγὼ,
3011 633 3107 687 καὶ
3141 633 3305 697 αὐτὸς
3335 632 3482 687 οὕτω
3529 633 3694 686 ποίει.

2115 725 2303 790 Οὐδεὶς
2335 724 2599 794 βασιλέως
2627 725 3028 797 ἀγγελιαφόρος
3050 725 3314 797 δημοσίαν
3343 726 3512 779 ἵππιον
3537 725 3695 796 ἀμεί-

2115 818 2224 872 ϐων
2254 818 2421 885 ἔξεισι
2449 819 2547 888 τῆς
2571 818 2802 882 πόλεως,
2827 812 2872 886 ᾧ
2900 819 2976 891 μὴ
3004 819 3075 873 τὰ
3103 819 3238 891 πρὸς
3265 818 3366 890 τὴν
3401 819 3500 890 σὴν
3526 818 3698 888 λογιό-

2115 927 2254 980 τητα
2281 909 2444 981 μέρος
2475 909 2688 978 γίνεται
2710 908 2806 964 τοῦ
2834 909 3069 964 κατόπιν
3100 909 3339 980 φορτίου.
3379 909 3442 962 Εί
3483 908 3586 978 μὲν
3605 905 3695 961 οὖν

2113 999 2457 1055 ἀποδιδόασιν
2483 1001 2518 1072 ἦ
2555 1001 2779 1065 πάντες,
2806 1001 2839 1072 ἧ
2865 1018 3010 1065 τινες
3041 1000 3241 1068 αὐτῶν,
3271 999 3441 1053 πολλά
3480 1001 3696 1068 κάγαθά

2113 1095 2227 1156 τοῖς
2255 1092 2566 1146 ἀποδιδοῦσι
2612 1091 2843 1161 γένοιτο,
2884 1094 3141 1164 χρηστοῖς
3179 1087 3330 1144 οὖσιν
3353 1107 3369 1123 ο
3413 1092 3465 1144 εί
3505 1090 3561 1144 δὲ
3597 1091 3695 1161 μὴ,

2115 1185 2412 1256 καὶταύτῃ
2456 1187 2523 1238 σὺ
2557 1183 2896 1255 σοφώτερος,
2942 1183 3188 1238 ἀπιστῶν
3215 1179 3298 1248 οἷς
3339 1184 3512 1251 ἄξιον.
3557 1183 3694 1237 Ἀλλ’

2116 1283 2204 1334 ἵνα
2240 1281 2375 1351 μηδὲ
2401 1283 2564 1351 ἡμεῖς
2587 1281 2763 1352 μάτην
2791 1280 3082 1350 κόπτωμεν
3109 1278 3200 1332 τὸν
3230 1278 3578 1349 ὖπογραφέα,
3597 1277 3692 1340 τὰς

2113 1373 2214 1426 οὐκ
2256 1370 2732 1442 ἀποδοθησομένας
2765 1369 3058 1432 ἐπιστολὰς
3088 1367 3544 1440 ὑπαγορεύοντες,
3590 1385 3692 1437 μα-

2115 1463 2228 1516 θεῖν
2256 1463 2413 1530 ἀξιῶ.
2451 1461 2924 1532 Μεθαρμοσόμεθα
2948 1461 3058 1532 γὰρ
3077 1460 3173 1514 τοῦ
3194 1459 3404 1527 λοιποῦ,
3430 1459 3526 1512 καὶ
3554 1459 3695 1530 μόνῳ

2115 1554 2395 1608 πιστεύσω
2443 1553 2520 1625 τῷ
2553 1554 2768 1626 Πέτρῳ.
2817 1552 3034 1622 Ταύτην
3061 1553 3127 1622 γέ
3158 1569 3241 1605 τοι
3271 1551 3370 1622 τὴν
3403 1550 3694 1620 ἐπιστολὴν

425 1664 455 1701 a
491 1647 654 1703 Petro
681 1648 953 1718 perlatum
989 1647 1057 1702 iri
1091 1647 1356 1711 arbitror,
1380 1661 1521 1715 quas
1547 1645 1617 1700 de
1655 1660 1816 1701 sacra
1844 1662 2009 1700 manu

2119 1647 2319 1717 Πέτρον
2349 1641 2500 1716 οἶμαι
2543 1646 2881 1716 διακομιεῖν,
2915 1644 3065 1715 παρά
3111 1644 3282 1715 μέσης
3340 1643 3576 1696 λαὸόντα
3599 1642 3694 1712 τῆς

423 1739 720 1810 acceperit.
752 1738 908 1794 Mitto
949 1738 1096 1795 enim
1140 1740 1238 1794 has
1269 1753 1300 1794 e
1334 1737 1621 1808 Pentapoli
1665 1737 1732 1792 ad
1763 1752 2011 1792 commu-

425 1847 549 1887 nem
596 1831 947 1901 magistram;
1005 1831 1121 1886 haec
1175 1839 1359 1888 autem
1428 1831 1740 1900 cuicunque
1793 1830 2009 1885 libuerit

425 1925 736 1979 committet
765 1943 778 1976 :
812 1924 1002 1978 libebit
1033 1931 1237 1990 autem,
1275 1923 1484 1994 optime
1518 1924 1660 1988 scio,
1686 1924 1735 1979 ei
1767 1924 2009 1985 tradere,

424 2015 520 2086 qui
555 2015 628 2069 sit
655 2013 1006 2068 notissimus.
1049 2011 1238 2083 Neque
1277 2012 1424 2067 enim
1461 2013 1693 2074 scimus,
1736 2027 1770 2066 ο
1800 2012 2015 2068 charis-

423 2107 563 2172 simc
591 2121 656 2160 ac
686 2106 946 2175 praeclare
977 2107 1082 2170 vir,
1119 2120 1187 2159 an
1220 2115 1409 2176 postea
1447 2105 1724 2160 salutandi
1771 2106 2004 2161 invicem

423 2197 661 2253 facultas
713 2196 783 2250 sit
825 2195 1061 2250 alfutura
1088 2233 1104 2262 ,
1147 2203 1437 2265 propterea
1477 2195 1622 2265 quod
1665 2195 1883 2264 ignavia
1914 2195 2012 2249 du-

424 2303 549 2343 cum
574 2287 696 2343 sine
724 2285 1032 2341 certamine
1065 2285 1310 2355 regionis
1349 2284 1537 2340 hostes
1573 2283 1890 2355 potiuntur;
1925 2299 2014 2339 so-

424 2380 573 2449 lique
615 2393 715 2433 nos
760 2377 1090 2448 superstites
1135 2391 1350 2441 sumus,
1387 2375 1485 2446 qui
1520 2375 1588 2429 ad
1639 2377 1852 2430 munita
1895 2376 2014 2430 loca

423 2471 798 2540 confugimus,
844 2470 1127 2534 omnibus,
1178 2476 1451 2539 quotquot
1500 2468 1557 2521 in
1610 2467 2014 2537 campestribus

427 2562 754 2633 deprehensi
799 2571 953 2626 sunt,
995 2560 1269 2630 pecudum
1315 2574 1470 2615 more
1504 2558 1798 2629 jngulatis.
1841 2557 2014 2614 Vere-

423 2670 550 2711 mur
588 2663 772 2708 autem
805 2667 877 2708 ne
906 2651 1170 2707 diuturna
1219 2653 1274 2704 in
1324 2650 1392 2704 iis
1438 2650 1578 2704 locis
1614 2650 1830 2703 illorum
1863 2664 2016 2704 com-

425 2746 659 2800 moratio
689 2759 853 2814 quam
886 2743 1123 2813 plurima
1160 2741 1394 2796 castella
1443 2741 1534 2796 siti
1567 2738 1635 2793 ad
1678 2739 2014 2795 deditionem

425 2835 738 2906 compellat.
788 2833 918 2900 Qum
955 2849 1124 2890 causa
1174 2841 1278 2900 est,
1329 2849 1430 2889 cur
1475 2832 1908 2888 recrimiuationi
1941 2833 2015 2887 illi

427 2937 557 2993 tuae,
603 2943 724 2998 quae
763 2927 832 2982 de
883 2927 1205 2982 muneribus
1263 2934 1403 2993 erat,
1448 2941 1558 2980 non
1611 2925 2014 2996 responderim.

427 3019 615 3087 Neque
643 3019 788 3073 enim
824 3017 998 3071 otium
1048 3015 1175 3081 fuit,
1205 3031 1272 3071 eo
1312 3017 1460 3087 quod
1502 3016 1558 3071 in
1607 3009 1880 3070 machinae
1918 3031 2013 3070 cu-
2043 3052 2084 3106 ο

424 3111 642 3180 jusdam
682 3108 1047 3163 fabricatione
1080 3107 1418 3178 occupabar.
1456 3106 1572 3161 lloc
1606 3108 1752 3162 enim
1796 3107 2012 3170 molior,

429 3198 894 3270 quemadmodum
927 3213 958 3253 e
990 3198 1242 3253 turribus
1289 3214 1402 3254 non
1443 3197 1830 3254 contemnendi
1879 3211 2016 3267 pon-

431 3289 579 3343 deris
622 3288 830 3358 lapides
873 3301 1040 3357 quam
1095 3287 1421 3358 longissime
1455 3287 1789 3357 jaculemur.
1841 3285 2017 3340 Simul

435 3391 615 3436 autem
649 3389 702 3434 et
734 3378 984 3434 mittendi
1023 3378 1092 3432 ad
1123 3393 1211 3433 me
1239 3393 1468 3435 munera
1500 3388 1824 3448 potestatem
1851 3377 2016 3432 facio.

435 3469 728 3547 Syncsium
786 3470 991 3538 quippe
1047 3466 1302 3539 Olympio
1361 3468 1559 3522 cedere
1621 3482 1850 3523 necesse
1887 3476 2014 3522 est:

437 3577 623 3617 verum
669 3578 731 3614 ea
762 3561 901 3630 lege,
936 3576 1007 3614 ne
1061 3559 1301 3613 lautiora
1340 3574 1572 3614 munera
1618 3560 1751 3615 sint.
1800 3556 1936 3612 Nam
1963 3568 2019 3612 et

438 3664 573 3710 tunc
614 3654 825 3718 luxum,
864 3668 974 3724 quo
1025 3652 1082 3706 in
1120 3651 1470 3707 contubernii
1523 3651 1847 3709 diversoriis
1884 3667 2019 3708 usus

433 3762 518 3812 es,
556 3746 783 3800 minime
829 3745 1099 3816 probavi:
1134 3744 1230 3800 sed
1279 3743 1539 3798 militaria
1576 3759 1641 3800 ea
1687 3746 1832 3800 dona
1883 3747 2017 3809 sint,

435 3851 597 3892 arcus
636 3837 847 3891 scilicet
881 3851 945 3890 ac
974 3835 1209 3906 spicula.
1247 3835 1375 3890 Haec
1407 3846 1586 3891 autem
1629 3851 1738 3890 una
1766 3852 1890 3891 cum
1918 3853 2017 3891 cu-

435 3929 707 4000 Spi'dibus.
745 3929 921 3984 Arcus
937 3928 1157 3998 quidem
1208 3927 1294 3983 vel
1333 3927 1555 3982 aliunde
1596 3941 1846 3983 coemere
1886 3944 2018 4000 pos-

437 4033 559 4074 sum
586 4035 603 4085 ;
634 4027 728 4072 aut
749 4033 890 4087 quos
920 4019 1038 4087 ipse
1058 4017 1172 4087 jam
1220 4017 1398 4072 habeo
1419 4016 1584 4086 27o
1605 4015 1831 4072 reficere
1859 4036 1872 4071 :
1903 4019 2020 4087 spi-

435 4111 563 4166 cula
588 4123 720 4164 vero
744 4124 884 4179 aegre
911 4115 1325 4178 comparantur,
1351 4123 1471 4177 quae
1498 4107 1716 4176 quidem
1747 4107 1869 4162 usui
1899 4124 2021 4164 esse

439 4202 678 4272 possint.
708 4199 966 4270 {Egyptia
997 4200 1144 4255 enim
1181 4199 1283 4253 ista
1306 4199 1576 4270 geniculis
1603 4200 2019 4269 protuberantia

439 4293 829 4349 substrictiore
871 4290 1187 4347 internodio
1233 4301 1382 4346 sunt.
1442 4290 1654 4345 Idcirco
1691 4305 1790 4360 per
1837 4291 2019 4360 seipsa

2118 1739 2270 1808 ἱερᾶς
2315 1737 2519 1810 χειρός.
2573 1737 2784 1791 Στέλλω
2808 1740 2917 1810 γάρ
2947 1735 3116 1806 αὐτὴν
3148 1734 3256 1788 ἀπὺ
3303 1734 3697 1796 Πενταπόλεως

2114 1830 2227 1897 ἐγὼ
2256 1829 2392 1900 πρὸς
2430 1827 2529 1900 τὴν
2558 1828 2875 1884 διδάσκαλον
2906 1828 3006 1900 τὴν
3040 1827 3245 1896 κοινήν.
3288 1825 3438 1896 Αὕτη
3485 1825 3547 1878 δὲ
3589 1827 3695 1895 ὅτῳ

2117 1921 2366 1992 βούλεται
2393 1920 2555 1975 δώσει
2579 1938 2594 1953 ο
2637 1920 2956 1991 βουλήσεται
2980 1919 3059 1982 δὲ,
3093 1914 3152 1972 εὖ
3183 1917 3280 1972 οἷδ’
3311 1917 3414 1984 ὅτι,
3453 1915 3536 1986 τῷ
3559 1933 3695 1986 γνω-

2118 2014 2410 2085 ριμωτάτῳ
2431 2015 2756 2084 παρασχεῖν.
2787 2013 2897 2065 Καὶ
2918 2012 3027 2082 γὰρ
3054 2010 3161 2064 οὐδ’
3195 2009 3372 2081 ἴσμεν,
3399 2002 3445 2062 ὧ
3475 2008 3694 2078 φίλτατε

2116 2109 2211 2158 καὶ
2241 2105 2532 2177 θαυμάσιε,
2580 2105 2628 2158 εί
2669 2104 2763 2157 καὶ
2793 2103 2956 2155 πάλιν
2989 2101 3164 2166 ἔξεστι
3199 2102 3521 2171 προσειπεῖν
3552 2100 3696 2169 ἡμᾶς

2115 2198 2400 2268 ἀλλήλους.
2434 2195 2615 2268 Κακία
2638 2197 2746 2266 γὰρ
2773 2195 3113 2266 στρατηγῶν,
3147 2193 3348 2263 ἀμαχεὶ
3375 2193 3568 2260 γέγονε
3588 2189 3698 2244 τῶν

2118 2290 2391 2360 πολεμίων
2425 2289 2458 2359 ἡ
2487 2287 2660 2359 χώρα,
2705 2287 2800 2340 καὶ
2833 2287 2982 2358 μόνοι
3011 2286 3193 2356 ζῶμεν
3220 2285 3336 2338 ὅσοι
3376 2283 3450 2336 τὰ
3487 2282 3698 2354 ἐρυμνὰ

2116 2380 2545 2451 κατειλήφαμεν,
2573 2379 2684 2432 τῶν
2726 2381 2786 2433 ὲν
2837 2380 2949 2440 τοῖς
2989 2375 3192 2439 πεδίοις
3221 2374 3699 2444 κατειλημμένων,

2117 2472 2308 2543 ῶσπερ
2337 2471 2550 2544 ἱερείων
2570 2468 3008 2540 ἀπεσφαγμένων
3027 2467 3142 2539 ξπρ.
3157 2465 3700 2538 ἀποσφαττομένων].

2116 2562 2342 2632 Δέδιμεν
2367 2562 2424 2616 δὲ
2456 2559 2556 2632 τὴν
2590 2560 2945 2632 προσεδρείαν
2980 2559 3181 2623 αὐτῶν,
3223 2559 3301 2630 μὴ
3328 2558 3520 2629 χρονία
3547 2575 3704 2627 γενο-

2121 2651 2258 2721 μένη
2304 2650 2448 2721 δίψει
2494 2651 2915 2723 παραστήσηται
2947 2650 3014 2706 τὰ
3048 2649 3217 2704 πολλά
3246 2650 3355 2702 τῶν
3403 2649 3700 2721 φρουρίων.

2116 2743 2305 2816 Ταύτῃ
2349 2741 2447 2798 καὶ
2494 2745 2610 2807 τοῖς
2657 2741 3066 2814 ἀντεγκλήμασι
3113 2740 3225 2813 (68)
3275 2744 3388 2805 τοῖς
3431 2743 3565 2813 περὶ
3595 2741 3703 2794 τῶν

2116 2836 2308 2905 δώρων
2355 2835 2456 2888 οὐκ
2488 2834 2894 2905 ἀπεκρινάμην.
2951 2834 3024 2888 Οὐ
3059 2836 3168 2907 γάρ
3216 2852 3304 2905 μοι
3340 2833 3527 2904 σχολὴ,
3565 2833 3705 2902 πρζς

2119 2944 2228 2981 τινι
2263 2928 2483 2998 μηχανῇ
2525 2926 2618 2980 τὸν
2651 2925 2776 2981 νοῦν
2809 2925 3005 2996 ἔχοντι.
3041 2925 3546 2996 Κατασκευάζομαι
3595 2927 3705 2996 γὰρ

2117 3019 2192 3084 ὡς
2218 3020 2283 3072 ἂν
2304 3020 2413 3074 ἀπὸ
2439 3019 2548 3072 τῶν
2579 3019 2803 3090 πύργων
2834 3018 3215 3090 ἑκηϐολὼτατα
3241 3018 3559 3090 πέμποιμεν
3589 3019 3702 3090 [ππ.

2123 3109 2442 3182 καταπεμ.]
2491 3110 2746 3178 ἀξιόλογα
2773 3109 2937 3163 λίθων
2968 3109 3127 3180 βάρη.
3161 3110 3314 3180 Ἅμα
3353 3109 3410 3162 δὲ
3442 3110 3540 3162 καὶ
3573 3109 3707 3161 ἐνδί-

2120 3202 2261 3271 δωμί
2310 3218 2393 3254 σοι
2427 3200 2669 3271 πέμπειν
2707 3218 2796 3270 μοι
2821 3201 2987 3273 δῶρα.
3037 3203 3130 3254 Δεῖ
3154 3199 3263 3273 γὰρ
3289 3201 3460 3254 εἴκειν
3501 3201 3710 3272 Ὀλυμ-

2121 3291 2230 3361 πίῳ
2255 3290 2510 3344 Συνέσιον
2533 3307 2548 3322 ⁸
2601 3291 2676 3363 μὴ
2712 3292 2894 3362 μέντοι
2942 3292 3232 3363 τρυφῶντα
3255 3293 3425 3364 δῶρα.
3460 3295 3576 3347 Καὶ
3603 3296 3712 3364 γὰρ

2119 3383 2219 3435 καὶ
2240 3381 2360 3434 τότε
2393 3382 2492 3451 τὴν
2519 3382 2731 3452 τρυφὴν
2757 3382 3091 3454 ἐμεμψάμην
3118 3382 3230 3454 (69)
3263 3381 3370 3436 τῶν
3395 3385 3715 3453 καταλυμάο

2119 3491 2229 3528 των
2252 3473 2346 3528 τοῦ
2376 3475 2650 3527 συσσιτίου
2673 3490 2688 3506 ·
2723 3474 2838 3528 ἀλλ’
2868 3473 3009 3528 ἔστω
3037 3475 3425 3544 στρατιωτικὰ,
3455 3475 3594 3540 τόξα
3614 3477 3710 3528 καὶ

2122 3564 2273 3635 βέλη,
2301 3565 2440 3636 μετὰ
2466 3565 2577 3619 τῶν
2609 3564 2915 3636 στυρακίων
2953 3565 3134 3636 μέντοι
3161 3565 3230 3617 τά
3259 3563 3410 3635 βέλη.
3436 3565 3586 3629 Τὸξα
3611 3566 3710 3636 μὲν

2119 3649 2212 3708 οῦν
2243 3654 2338 3708 καὶ
2367 3653 2635 3726 ἑτέρωθεν
2673 3654 3014 3725 ὠνησαίμην,
3064 3655 3157 3708 καὶ
3186 3655 3257 3707 τὰ
3300 3654 3431 3708 ὅντα
3463 3656 3710 3726 ἀνακτη-

2123 3746 2326 3818 σαίμην
2352 3762 2367 3777 ⁶
2417 3746 2546 3817 βέλη
2574 3746 2632 3800 δὲ
2657 3749 2718 3801 οὑ
2755 3747 2934 3819 ῥᾴδιόν
2968 3749 3083 3800 ἐστι
3112 3747 3463 3817 πορίσασθαι,
3506 3747 3707 3800 οὔκουν

2120 3835 2262 3888 ὥστε
2303 3835 2399 3889 καὶ
2442 3836 2743 3906 ἐπιτήδεια.
2793 3835 2875 3888 Τὰ
2922 3836 3031 3905 γὰρ
3072 3835 3345 3904 Αἰγύπτια
3374 3835 3555 3890 ταῦτα
3597 3840 3706 3897 τοῖς

2119 3925 2342 3993 γόνασιν
2401 3925 2687 3992 οἰδοῦντα,
2739 3929 2856 3990 τοῖς
2923 3927 3345 3997 παραγονατίοις
3407 3927 3703 3992 συνιζάνει.

2121 4017 2306 4088 Ταύτῃ
2333 4018 2429 4071 καὶ
2474 4018 2766 4088 σφάλλεται
2811 4019 2939 4090 παρ’
2970 4017 3201 4070 ἑαυτῶν.
3239 4017 3421 4070 Ἐοικε
3458 4017 3570 4089 γὰρ
3595 4020 3702 4079 rei;

2121 4109 2184 4160 ἐκ
2211 4108 2432 4180 πρώτης
2460 4109 2761 4180 ἀφετηρίας
2801 4108 3248 4179 ἐμποδιζομένως
3271 4125 3331 4161 τε
3349 4149 3365 4174 ,
3406 4110 3503 4162 καὶ
3530 4127 3700 4180 προσ·

2120 4199 2401 4255 κόπτουσι.
2449 4200 2530 4253 Τά
2583 4202 2710 4272 παρ’
2742 4201 2868 4270 ὑμῖν
2911 4201 2988 4265 δὲ,
3036 4201 3254 4272 εὐμήκη
3288 4201 3350 4253 τὲ
3403 4203 3560 4262 ἐστι,
3612 4201 3701 4253 καὶ

2127 4290 2373 4360 ἀκριὸῶς
2415 4293 2496 4354 είς
2540 4292 2658 4355 ἑνὸς
2704 4289 2985 4362 κυλίνδρου
3017 4292 3204 4362 σχῆμα
3233 4292 3702 4361 στρογγύλλεταιο

441 4385 799 4439 frustrantur.
856 4381 1068 4436 Similia
1109 4382 1254 4438 enim
1296 4382 1363 4434 iis
1418 4389 1567 4446 sunt,
1613 4383 1706 4450 qui
1754 4381 1939 4436 statim
1987 4397 2011 4436 a

2123 4383 2260 4454 ὅπερ
2302 4381 2364 4435 τὸ
2413 4385 2522 4436 πᾶν
2569 4385 2718 4436 ἐστιν
2766 4385 2847 4446 είς
2894 4382 3226 4454 εὐθυπορίαν
3281 4383 3382 4454 τῆς
3443 4385 3702 4454 πτήσεος.

441 4476 631 4545 primis
674 4475 992 4531 carceribus
1035 4474 1428 4545 impediuntur,
1467 4481 1522 4528 et
1562 4471 1863 4526 olfendunt.
1908 4470 2011 4526 Ve-

2122 4474 2309 4529 Ταῦτά
2340 4492 2429 4546 μοι
2449 4475 2686 4545 πέμπειν
2710 4492 2726 4507 ο
2761 4475 2854 4529 καὶ
2880 4475 3130 4545 χαλινοὺς
3157 4474 3338 4528 ἵππων
3363 4475 3608 4542 ἀγαθόὺς
3628 4477 3706 4536 είς

440 4578 556 4622 stra
582 4577 766 4622 autem
789 4568 1022 4640 oblonga
1051 4573 1201 4630 sunt,
1239 4573 1295 4618 et
1325 4565 1380 4619 in
1410 4565 1577 4620 unius
1615 4563 1846 4634 cylindri
1884 4562 2011 4630 [igu-

2122 4568 2320 4638 χρῆσιν
2345 4584 2358 4598 ·
2395 4567 2517 4620 ἐπεὶ
2544 4568 2639 4620 καὶ
2671 4568 2761 4622 τὸν
2789 4567 2954 4621 ἵππον
2982 4567 3076 4621 τὸν
3113 4567 3332 4631 Ἰταλὸν,
3354 4567 3412 4620 ὃν
3432 4566 3706 4638 ἐπῄνεσας

441 4669 558 4708 ram
602 4653 974 4716 retundantur
1000 4670 1014 4707 :
1044 4651 1194 4722 quod
1241 4651 1312 4705 ad
1369 4651 1586 4706 volatus
1631 4650 2011 4704 rectitudinem

2123 4660 2192 4728 τῇ
2221 4655 2437 4730 γλώττῃ
2460 4659 2526 4728 τῇ
2557 4657 2720 4729 καλῇ,
2757 4657 2963 4729 σφόδρα
2995 4655 3062 4711 ἂν
3091 4651 3233 4710 εἶδον
3255 4656 3426 4725 ἡδέως
3450 4673 3465 4686 ·
3511 4658 3707 4727 ἐπειδὴ

441 4745 601 4799 unice
646 4742 884 4799 confert.
945 4741 1072 4799 Hac
1127 4751 1189 4797 tu
1239 4743 1307 4797 ad
1367 4757 1457 4798 me
1516 4743 1737 4810 mittes;
1800 4758 2011 4798 necnon

2123 4749 2220 4800 καὶ
2265 4748 2476 4819 πατέρα
2527 4747 2722 4802 πώλων
2767 4749 2989 4818 ἀγαθῶν
3045 4749 3157 4821 (70)
3208 4750 3340 4819 ἡμῖν
3390 4749 3558 4801 αὐτὸν
3604 4750 3709 4803 ὑπ-

441 4845 709 4904 equorum
753 4833 905 4889 frena
953 4834 1020 4889 ad
1073 4849 1236 4890 usum
1287 4833 1740 4888 accommodata:
1790 4849 1918 4887 nam
1966 4844 2011 4888 et

2129 4835 2330 4905 ισχνοῦ.
2362 4837 2437 4888 Οὐ
2475 4837 2583 4906 μὴν
2630 4837 2766 4891 ἀλλὰ
2809 4838 2904 4890 καὶ
2949 4838 3099 4892 κάτω
3129 4855 3230 4892 που
3259 4838 3357 4908 τῆς
3387 4838 3710 4907 ἐπιπολῆς,

445 4939 643 4994 equum
691 4924 842 4978 illum
883 4923 1155 4990 Italicum,
1195 4939 1359 4994 quem
1405 4931 1468 4977 tu
1517 4932 1750 4978 venusta
1802 4923 1894 4977 illa
1926 4931 2011 4977 tua

2132 4924 2270 4995 μετά
2312 4925 2411 4997 τὴν
2441 4927 2764 4999 ὑπογραφὴν
2807 4921 2987 5000 εὖρον,
3032 4931 3116 4984 ὅτι
3160 4929 3344 5000 μένειν
3382 4928 3582 4999 ἐδέησε
3625 4931 3712 4984 τὸν

1685 5019 1867 5112 mou.
1909 5057 2188 5114 PETAVII
2228 5061 2466 5118 noras.

517 5171 629 5242 (68)
676 5172 862 5240 Ταύτῃ
895 5172 992 5225 καὶ
1030 5173 1155 5239 τοῖς
1178 5172 1647 5242 ἀντετκλήμασι.
1679 5174 1774 5229 Sic
1800 5182 1920 5228 erat
1958 5176 2012 5229 in

446 5241 660 5314 duobus
687 5242 935 5314 scriptis.
967 5243 1070 5296 Alii
1095 5241 1582 5314 προτεμενίσμασι,
1610 5245 1757 5314 quod
1790 5245 1922 5314 quid
1945 5246 2018 5299 sit

445 5312 653 5384 nescio.
687 5309 912 5366 Planior
951 5326 1082 5366 vero
1113 5309 1301 5384 nostra
1329 5309 1452 5384 est;
1487 5329 1554 5369 ex
1597 5309 1704 5384 q'ua
1750 5309 2016 5383 intelligi-

448 5397 569 5435 mus
598 5381 907 5455 Olympium
937 5395 1064 5455 cum
1095 5383 1271 5455 amice
1301 5397 1332 5436 a
1377 5381 1792 5452 Synesioesset
1821 5381 2016 5455 objur-

448 5459 628 5520 gatus,
655 5451 899 5522 vicissim
926 5451 1361 5516 recriminatum,
1403 5451 1550 5522 quod
1583 5468 1614 5508 a
1655 5469 1716 5509 se
1740 5451 2017 5509 dona'ali-

449 5536 569 5592 qua‘
584 5521 750 5592 nollet
781 5521 1056 5592 accipere.

522 5589 634 5660 (69)
677 5591 796 5656 Τὴν
825 5588 1062 5660 τρυφὴν
1097 5588 1470 5658 ἐμεμψάμην.
1521 5590 1662 5657 Quid
1701 5592 1812 5647 sint
1844 5610 2015 5646 κατα-

448 5658 665 5730 mpm
684 5661 778 5712 τοῦ
813 5659 1096 5713 συσσιτίου
1126 5661 1232 5715 hoc
1265 5660 1387 5715 loco
1419 5663 1675 5732 expedire
1705 5677 1938 5731 nequeo.

2186 5179 2297 5249 (70)
2341 5179 2569 5250 Πατέρα
2592 5184 2807 5236 πώλων
2835 5181 3089 5253 ἀγαθῶν.
3124 5181 3222 5238 Vel
3249 5184 3338 5238 hic
3373 5202 3519 5242 unus
3555 5188 3710 5241 locus

2120 5262 2444 5318 argumento
2492 5267 2619 5323 esse
2678 5261 2896 5322 potest,
2947 5269 3111 5323 quam
3160 5270 3190 5309 e
3227 5271 3284 5306 re
3323 5257 3590 5311 litteraria
3641 5263 3705 5309 sit

2120 5333 2370 5395 veterum
2403 5321 2657 5395 codicum
2682 5321 2761 5395 et
2795 5321 3125 5393 scriptorum
3158 5326 3350 5378 sedula
3385 5335 3706 5395 alter-taque

2122 5389 2303 5464 |_ecti_o_.
2342 5393 2554 5446 Etenim
2584 5391 2731 5464 quod
2762 5403 2879 5464 erat
2909 5389 3198 5464 hactenus,
3236 5395 3456 5464 πατέρα
3498 5389 3694 5450 πολλῶι

2121 5459 2362 5525 ἀγαθῶν,
2391 5477 2556 5531 quam
2592 5459 2890 5516 absurdum
2924 5473 2978 5517 et
3008 5463 3168 5517 inane
3195 5465 3316 5518 est!
3341 5459 3498 5521 l-l'anc
3523 5476 3705 5521 autem

2124 5544 2291 5596 quam
2321 5533 2669 5594 restituimus
2697 5545 2886 5588 vocem
2908 5547 2974 5588 cx
3003 5531 3172 5605 Regio
3201 5534 3329 5589 cod.
3357 5536 3695 5608 deprompsi-

2127 5614 2180 5652 ΙΙΙ
2189 5617 2250 5655 ιιδ
2261 5639 2276 5654 ο
