3838 6236
213 408 341 464 1521
1308 404 1691 462 EPISTOLAE.
1726 437 1797 447 —
1830 406 2052 464 EPIST.
2088 408 2348 465 CXXXIII
3344 410 3482 465 1522

212 528 377 579 ῐππον
406 525 463 577 ἐν
490 524 557 594 τῇ
585 520 895 593 Σελευκείᾳ,
922 520 1017 576 τοῦ
1037 522 1345 595 ναυκλήρου
1375 522 1464 576 διά
1485 523 1579 577 τὸν
1599 522 1790 594 καιρὸν

1914 524 2075 593 ingua
2108 527 2435 595 praedicasti,
2480 526 2666 583 videre
2701 526 2997 582 admodum
3029 522 3433 581 desiderassem
3464 526 3485 572 :

214 615 697 687 παραιτησαμένου
739 614 948 668 τοιοῦτο
991 615 1231 686 φορτίον.
1292 615 1509 686 Ἐπειδὴ
1558 615 1614 668 δέ
1652 614 1787 684 μήτε

1911 631 2069 685 :oque
2102 619 2274 689 magis
2302 620 2447 688 quod
2480 628 2535 674 tu
2578 619 2926 692 egregiorum
2960 609 3238 689 pullorum
3269 621 3480 685 patrem

211 709 310 776 τὴν
347 707 489 771 λέξιν
516 707 762 774 ἐπέγνων
792 705 1026 776 ἀδελφὴν
1054 701 1221 760 οὖσαν
1245 705 1343 776 τῆς
1376 705 1495 775 σῆς,
1530 706 1666 775 μήτε
1689 704 1789 776 τὴν

1911 708 2051 761 illum
2081 711 2474 779 SpOpOtttlel‘aS.
2508 710 2707 766 Verum
2740 712 2796 766 in
2828 710 2977 766 calce
3004 709 3307 763 litterarum
3340 703 3483 759 infra

205 807 392 875 χεῖρα,
443 803 581 873 μήτε
613 800 712 870 τὴν
744 797 1031 869 ἀκρίϐειαν
1076 797 1177 866 τῆς
1224 796 1462 867 γραφῆς,
1497 797 1792 850 ἐδικαίωσα

1911 800 2396 871 subscriptionem,
2457 805 2725 875 scriptum
2774 803 2996 874 reperi:
3054 814 3257 872 equum
3314 798 3481 853 istum

211 894 293 966 μὴ
338 890 646 963 ἀγνοεῖσθαι
695 906 778 943 σοι
822 887 999 943 τοῦτο.
1034 888 1267 957 Ἄτοπον
1298 887 1427 959 γὰρ,
1476 889 1525 942 εἰ
1552 886 1796 951 τοιοῦτος

208 984 290 1038 ὣν
316 988 344 1039 ό
373 986 536 1047 ἵππος
568 984 706 1054 μήτε
749 981 890 1053 ἐμοὶ,
925 981 1061 1051 μήτε
1097 980 1179 1033 σοὶ
1208 978 1449 1044 σώζοιτο.

1904 888 2173 947 Seleucia:
2208 896 2445 965 relinqui
2488 897 2825 966 oportuisse,
2856 893 3003 965 quod
3044 891 3377 952 navarchus,
3412 888 3485 942 ob

1902 984 2173 1053 temporis
2226 986 2599 1053 incommoda,
2653 988 2707 1043 id
2760 987 2947 1044 oneris
3002 990 3334 1041 recusasset.
3377 978 3482 1035 Sed

214 1079 475 1149 quoniam
525 1088 703 1145 neque
742 1075 1035 1129 dictionem
1080 1073 1276 1144 ipsam,
1318 1087 1494 1141 neque
1545 1084 1792 1134 manum,
1832 1086 2013 1143 neque
2043 1086 2292 1133 exactam
2326 1081 2615 1151 scriptum
2674 1081 2943 1136 rationem
2986 1090 3094 1134 tua!
3168 1088 3484 1148 germanam

215 1168 434 1239 agnovi,
461 1183 525 1222 ac
556 1167 814 1232 similem,
846 1181 1064 1235 aequum
1097 1163 1285 1235 putavi
1321 1173 1373 1218 te
1402 1178 1469 1219 ea
1530 1162 1599 1218 de
1659 1176 1719 1217 re
1756 1176 1865 1217 non
1907 1166 2097 1222 celari.
2156 1170 2472 1227 Absurdum
2530 1171 2676 1228 enim
2729 1180 2815 1228 est
2873 1172 3034 1227 talem
3088 1183 3293 1241 equum
3350 1164 3486 1222 mihi

214 1262 371 1333 juxta
404 1276 467 1316 ac
497 1260 596 1315 tibi
625 1260 827 1331 perire.

731 1353 1078 1407 ΕΠΙΣΤΟΛΗ
1116 1353 1284 1407 PAF’.

822 1446 1198 1514 Πυλαιμένει.

300 1540 600 1610 Ἐδεξάμην
628 1537 728 1610 τὴν
753 1538 1062 1607 ἐπιστολὴν,
1099 1541 1156 1591 ἐν
1246 1535 1408 1590 πάλιν
1439 1534 1674 1606 ἐμέμψω
1700 1533 1799 1603 τὴν

213 1634 409 1705 τύχην,
453 1633 528 1697 ὡς
557 1630 711 1685 οὐδὲν
741 1631 872 1701 περὶ
906 1629 1000 1682 σοῦ
1033 1629 1467 1700 βεϐουλευμένην
1498 1627 1804 1697 φιλανθρω-

2370 1353 2717 1411 EPISTOLA
2755 1355 3022 1413 CXXXIII

2532 1448 2847 1519 Pylwmem'.

1969 1531 2173 1605 Accepi
2240 1545 2361 1591 tuas
2397 1536 2635 1605 litteras,
2699 1539 2903 1610 quibus
2961 1538 3162 1595 iterum
3208 1539 3484 1596 fortunam

1900 1623 2146 1693 incusas,
2180 1629 2327 1700 quod
2369 1630 2544 1685 nihilo
2586 1631 2687 1687 tibi
2720 1617 3013 1689 humanius
3063 1632 3243 1688 adhuc
3282 1648 3490 1688 consu-

217 1727 466 1796 πότερον.
501 1724 592 1794 Μὴ
624 1725 688 1776 σύ
713 1740 797 1791 γε,
827 1715 872 1774 ῶ
899 1722 1119 1791 φίλτατε
1149 1721 1401 1792 ἑταίρων.
1426 1721 1502 1773 υύ
1524 1719 1633 1790 γὰρ
1655 1718 1803 1783 ἆξον

1911 1718 2094 1774 luerit.
2125 1718 2504 1791 Nequaquam,
2539 1736 2573 1777 ο
2612 1722 2885 1778 sodalium
2919 1725 3271 1791 amicissime.
3302 1724 3492 1796 Neque

218 1817 512 1885 ἐγκαλεῖν,
564 1816 702 1871 ἀλλά
782 1814 1247 1885 παραμυθεῖσθαι.
1308 1812 1527 1877 Ἔξεστι
1589 1812 1646 1865 δὲ
1692 1813 1805 1865 ὄντι

219 1907 467 1979 τοιούτῳ,
492 1909 647 1974 ἣκειν
676 1906 814 1974 πρὸς
836 1908 983 1975 ἡμᾶς
1009 1922 1023 1936 θ
1073 1905 1300 1974 ἀδελφὸν
1331 1906 1587 1976 εὑρήσεις
1634 1900 1802 1959 οἷκον.

219 2000 298 2054 Uti
330 1999 690 2070 πλουτοῦμεν,
708 1993 754 2052 ὦ
781 1997 955 2067 ’γαοὲ,
995 1997 1132 2052 ἀλλά
1164 2000 1231 2051 τά
1260 1997 1505 2069 παρόντα
1528 1998 1690 2071 ἀρκεῖ
1717 1998 1808 2049 καὶ

220 2092 553 2163 Πυλαιμένει
599 2091 789 2162 κάμοί.
838 2092 902 2144 Et
934 2091 991 2145 δὲ
1028 2090 1123 2145 καὶ
1154 2092 1218 2145 σὺ
1253 2090 1490 2162 παρέσῃ,
1519 2089 1681 2161 τυχὸν
1714 2092 1808 2143 καὶ

218 2182 615 2253 τ.λουτήσομεν.
660 2180 791 2234 Ἀπὸ
816 2179 927 2235 τῶν
968 2181 1099 2235 ῐσων
1128 2180 1397 2250 ἀφορμῶν
1424 2180 1602 2251 ἕτεροι
1639 2179 1808 2232 πλείω

218 2273 331 2327 τῶν
355 2274 590 2345 μετρίων
614 2272 828 2344 ἔχουσιν
851 2289 864 2302 ·
898 2272 1009 2341 ἐγὼ
1032 2272 1089 2325 δέ
1113 2272 1283 2336 κακὸς
1306 2272 1609 2340 οἰκονόμος.
1646 2272 1807 2325 Ἀλλά

216 2366 358 2429 τέως
386 2365 599 2435 ἀντέχει
622 2365 717 2418 καὶ
747 2364 880 2436 πρὸς
902 2364 999 2433 τὴν
1023 2364 1427 2434 ἀκριϐεστάτην
1459 2363 1718 2434 ἀμέλειαν
1739 2365 1808 2417 τά

223 2454 476 2526 πατρῷα,
530 2454 567 2508 ἃ
616 2453 679 2525 δὴ
719 2453 942 2507 δύναται
996 2451 1210 2521 βόσκειν
1257 2453 1564 2522 φιλόσοφον.
1618 2453 1708 2524 Μὴ
1742 2455 1809 2506 τὰ

219 2548 455 2616 τυχόντα
487 2546 621 2617 ἡγοῦ
652 2546 1029 2618 προσλαὸόντα
1052 2546 1147 2598 καὶ
1173 2546 1450 2615 πρόνοιαν.
1477 2544 1661 2598 Ταῦτα
1682 2547 1810 2615 περὶ

222 2638 447 2703 τούτων,
482 2637 702 2708 auium)
742 2637 916 2700 ἄλλως
945 2637 1088 2690 ποίει
1114 2653 1128 2668 ο
1184 2638 1232 2690 εἰ
1267 2638 1338 2707 μή
1368 2654 1421 2689 τι
1455 2635 1656 2708 μεταξὺ
1692 2636 1810 2707 βέλ-

222 2747 337 2784 τιον
384 2731 694 2801 πέπραχας,
732 2729 828 2782 καὶ
878 2728 1039 2783 πάλιν
1088 2728 1273 2799 διανοῇ
1323 2730 1423 2799 τὴν
1479 2728 1809 2800 Ἡράκλειαν

222 2821 508 2875 ἀνιστάναι
563 2819 842 2891 κειμένην.
901 2818 1219 2882 Ἐπιστολάς
1265 2818 1325 2871 ού
1374 2818 1629 2890 γέγραφα
1673 2820 1810 2890 πρὸς

221 2914 319 2979 οὒς
346 2915 531 2980 εῐωθα,
577 2914 666 2968 διά
702 2916 793 2967 τὸν
821 2914 1013 2985 καιρόν
1039 2931 1055 2947 ο
1108 2914 1244 2967 ἀλλά
1291 2914 1485 2985 πρώην
1514 2915 1687 2969 ἅπασι
1718 2919 1813 2985 γέ-

221 3023 435 3076 γραφα,
463 3005 727 3075 φάκελλον
769 3004 1068 3059 ἐπιστολῶν
1110 3004 1351 3072 Διογένει
1381 3005 1523 3068 δούς.
1567 3006 1810 3077 Ἀνεψιός

1908 1809 2055 1862 enim
2104 1810 2385 1865 criminari
2437 1813 2585 1866 illam
2634 1815 2850 1879 attinet,
2904 1815 2999 1871 sed
3054 1816 3488 1871 consolationem

1908 1911 2123 1967 capere.
2160 1896 2313 1954 Licet
2342 1907 2527 1956 autem
2557 1902 2831 1973 ejusmodi
2874 1919 3001 1959 cum
3032 1906 3129 1972 sis,
3162 1906 3262 1960 tibi
3305 1905 3371 1959 ad
3404 1921 3491 1961 me

1910 1990 2093 2044 venire
2118 2007 2132 2055 ;
2160 1989 2456 2047 fraternam
2492 1994 2717 2049 domum
2744 1996 3011 2052 invenies.
3039 1995 3157 2051 Non
3186 1998 3491 2067 locupletes

1908 2096 2125 2147 sumus,
2163 2098 2196 2138 ο
2223 2084 2365 2145 bone
2394 2086 2501 2151 vir,
2534 2087 2628 2142 sed
2670 2089 2755 2143 vel
2799 2090 3089 2159 praesentia
3124 2090 3254 2144 mihi
3298 2103 3365 2143 ac
3395 2088 3492 2159 Py-

1908 2173 2121 2228 laemeni
2159 2175 2465 2233 sufficiunt.
2494 2177 2653 2244 Quod
2685 2182 2730 2235 si
2776 2188 2832 2234 tu
2883 2195 2992 2235 una
3033 2196 3246 2236 mecum
3285 2182 3487 2247 aderis,

1911 2263 2148 2320 fortasse
2180 2266 2409 2323 ditiores
2452 2270 2682 2325 erimus.
2732 2271 2814 2324 Ab
2855 2270 3051 2327 iisdem
3089 2273 3165 2325 rei
3202 2272 3491 2327 familiaris

1911 2361 2194 2425 subsidiis,
2243 2363 2335 2416 alii
2377 2377 2546 2431 supra
2591 2364 2901 2420 mediocres
2931 2379 3064 2435 opes
3094 2363 3279 2435 adepti
3316 2372 3488 2419 sunt:

1909 2466 2011 2521 ego
2039 2467 2169 2507 vero
2202 2453 2381 2509 malus
2424 2469 2547 2509 sum
2593 2455 2965 2524 dispensator.
3007 2453 3379 2509 Nihilominus
3409 2463 3494 2507 ta-

1913 2558 2033 2597 men
2074 2543 2342 2600 hactenus
2384 2546 2467 2600 vel
2508 2555 2698 2601 contra
2744 2548 3039 2604 maximam
3084 2547 3355 2603 incuriam
3397 2562 3493 2617 pa-

1912 2635 2230 2690 trimonium
2271 2636 2460 2702 durat,
2500 2640 2646 2708 quod
2679 2640 3067 2711 phil090phum
3109 2642 3254 2696 alere
3296 2643 3494 2712 possit.

1910 2726 2100 2797 Neque
2134 2736 2191 2782 tu
2232 2731 2641 2799 aspernandum
2676 2730 2781 2786 hoc
2815 2733 3125 2796 existimes,
3167 2734 3215 2788 si
3262 2748 3393 2787 cura
3429 2747 3493 2787 ac

1911 2821 2194 2891 diligentia
2234 2824 2553 2878 accesserit.
2611 2823 2725 2880 lloc
2775 2825 2939 2880 modo
2978 2833 3032 2881 te
3080 2814 3135 2881 iit
3189 2827 3280 2889 iis,
3314 2841 3495 2895 neque

1912 2913 2070 2967 aliter
2098 2928 2257 2983 gere;
2295 2916 2399 2968 nisi
2434 2914 2564 2984 quid
2607 2915 2751 2971 forte
2784 2918 3003 2972 interim
3043 2918 3240 2972 melius
3278 2916 3495 2973 accide-

1913 3004 2005 3067 rit,
2037 3017 2101 3056 ac
2137 3018 2357 3057 rursum
2391 3006 2667 3073 jaceutem
2706 3005 3024 3061 Heracleam
3065 3007 3372 3063 instaurare
3401 3022 3495 3061 co-

223 3100 372 3150 ἐστιν
399 3099 427 3150 ὁ
453 3096 708 3166 Διογένης
738 3096 885 3166 ἐμός.
913 3093 976 3149 Ei
1011 3095 1107 3166 μὲν
1131 3090 1224 3148 οὖν
1251 3095 1485 3166 ἐπέτυχέ
1510 3112 1602 3149 σου
1630 3096 1806 3167 ζητῶν

1912 3096 2072 3163 gites.
2124 3090 2400 3162 Epistolas
2445 3096 2645 3165 quibus
2708 3097 2861 3150 soleo
2915 3097 3097 3149 nullas
3150 3096 3372 3164 scripsi,
3423 3095 3494 3150 ob

224 3188 481 3261 (ἐζήτησε
513 3188 621 3259 γὰρ
641 3182 740 3241 οἵδ’
765 3188 892 3257 ὅτι),
922 3187 1016 3241 καὶ
1048 3186 1112 3256 δὴ
1136 3186 1228 3239 τὸν
1259 3186 1524 3255 φάκελλον
1556 3188 1810 3241 ἐπιδέδω-

222 3299 339 3335 κεν.
370 3281 445 3334 Ού
474 3280 583 3351 γὰρ
611 3280 993 3348 ἐπεγέγραπτο
1018 3278 1152 3349 (71).
1199 3279 1262 3331 Ei
1287 3278 1344 3331 δέ
1383 3280 1479 3350 μὴ,
1504 3278 1809 3351 ναύκληρον

224 3371 366 3425 αἴτει
402 3370 571 3436 δεῖξαί
602 3387 683 3423 σοι
726 3370 816 3423 τὸν
849 3368 1149 3432 νεανίσκον,
1183 3370 1279 3423 καὶ
1311 3370 1680 3440 κομισάμενος
1711 3370 1808 3433 τὰς

224 3463 533 3526 ἐπιστολὰς,
566 3462 726 3526 αὐτὸς
753 3461 925 3515 ἅπασι
944 3461 1108 3515 δίδου.
1139 3462 1261 3515 Εἰσὶ
1290 3461 1347 3515 δὲ
1378 3461 1473 3525 οὓς
1499 3463 1626 3533 περ),
1652 3462 1806 3514 πλεξ-

226 3570 354 3607 στου
404 3552 661 3622 ποιοῦμαι
713 3554 843 3624 παρ’
885 3552 1021 3622 ἐμοῦ
1068 3552 1503 3623 προσειρῆσθαιο
1557 3554 1585 3605 ό
1626 3552 1807 3623 πατὴρ

224 3644 467 3714 Πρόκλος
490 3660 504 3674 ο
533 3642 763 3715 Τρύφων
781 3646 809 3696 ό
833 3643 962 3712 παρ’
989 3644 1119 3713 ήμῖν
1138 3641 1309 3712 ἄρξας
1326 3659 1341 3673 ο
1371 3641 1692 3713 Σιμπλίκιος
1716 3644 1809 3695 καὶ

225 3738 391 3807 ἀνὴρ,
421 3736 516 3790 καὶ
555 3736 738 3808 ἄρχων
770 3734 994 3803 ἀγαθὸς,
1030 3735 1124 3787 καὶ
1172 3734 1323 3803 φίλος
1364 3734 1513 3805 ἐμός.
1560 3734 1810 3797 Ἐπιδοὺς

224 3826 377 3897 αύτῷ
401 3826 499 3898 τὴν
533 3825 842 3897 ἐπιστολὴν,
878 3827 936 3879 ἐν
976 3818 1021 3893 ᾧ
1065 3824 1298 3895 πάρεστι
1348 3825 1560 3896 χρόνῳ,
1606 3825 1807 3897 χρῆσαι

225 3916 431 3989 τάνδρί.
478 3916 655 3970 Καλὸν
682 3916 792 3986 γὰρ
820 3915 914 3968 καὶ
949 3915 1277 3985 συσχολάσαι
1312 3913 1617 3985 στρατιώτῃ
1651 3932 1809 3987 ποιη-

224 4009 383 4079 τ;κῷ.
414 4008 712 4079 Στρουθοὺς
740 4006 981 4077 μεγάλας
1005 4006 1113 4059 ἀπὸ
1138 4006 1247 4058 τῶν
1277 4007 1334 4060 ἐν
1367 4007 1559 4079 εἰρήνῃ
1584 4024 1810 4080 κυνηγε-

229 4102 361 4153 σίων
394 4100 629 4170 εἴχομεν.
675 4098 813 4152 Ἀλλ’
855 4098 957 4151 οὐκ
997 4092 1066 4167 ἦν
1099 4097 1270 4159 αύτάς
1298 4096 1538 4150 στέλλειν
1583 4099 1677 4151 ἐπὶ
1707 4099 1807 4152 θά-

225 4193 447 4253 λατταν.
493 4191 583 4245 διὰ
611 4190 720 4244 τῶν
752 4189 929 4243 ὃπλων
964 4189 1072 4242 τῶν
1103 4189 1398 4258 πολεμίων.
1436 4190 1557 4242 οὐδὲ
1585 4190 1718 4244 ἄλλο
1754 4209 1807 4244 τι

224 4284 334 4337 τῶν
363 4282 513 4353 παρὰ
533 4282 630 4345 τάς
653 4281 823 4344 ἀκτὰς
846 4280 1016 4334 ὄντων
1042 4279 1167 4348 ἐξῆν
1189 4278 1422 4333 ἐνθεῖναι
1445 4282 1558 4342 τοῖς
1579 4281 1809 4345 πλοίοις.

1915 3181 2175 3250 temporis
2207 3180 2620 3247 difficultatem;
2657 3183 2753 3239 sed
2784 3199 2958 3253 nuper
2988 3184 3245 3240 urimibus
3272 3185 3494 3254 scripsi.

1912 3287 1977 3326 ac
2032 3273 2334 3327 litterarum
2384 3274 2711 3328 fasciculum
2773 3274 3000 3345 Diogeni
3056 3277 3333 3331 commisi.
3394 3275 3495 3331 Pa-

1913 3362 2105 3416 truelis
2138 3378 2293 3419 meus
2327 3361 2596 3434 Diogenes
2644 3365 2749 3420 iste
2795 3375 2900 3431 est,
2937 3368 3031 3437 qui
3063 3367 3109 3421 si
3155 3376 3206 3422 te
3244 3382 3496 3437 quaerens

1912 3455 2181 3510 invenerit
2210 3458 2340 3523 (non
2388 3457 2534 3511 enim
2561 3455 2719 3527 271
2756 3457 2947 3513 dubito
2977 3458 3111 3528 quin
3168 3460 3491 3529 quaesierit),

1912 3547 2077 3599 simul
2112 3554 2167 3600 et
2209 3547 2532 3603 fasciculum
2589 3549 2757 3603 dedit.
2788 3548 2906 3604 Non
2934 3550 3082 3605 enim
3129 3561 3248 3606 erat
3293 3551 3496 3607 inscri-

1914 3648 2060 3704 plus.
2109 3636 2204 3689 Sin
2266 3637 2471 3701 minus,
2512 3639 2833 3693 nauclerum
2882 3648 3122 3710 roga,ut
3158 3640 3257 3694 tibi
3312 3638 3495 3695 adole-

1912 3736 2151 3785 scentem
2184 3727 2429 3783 indicet:
2458 3745 2694 3801 cumque
2728 3731 2795 3786 ab
2841 3746 2907 3785 eo
2947 3733 3159 3787 litteras
3189 3731 3489 3802 acceperis,

1911 3825 2029 3891 ipse
2070 3820 2327 3876 erunibus
2382 3821 2577 3877 reddas
2634 3822 2815 3877 velim.
2868 3821 3127 3878 Nonnulli
3166 3834 3316 3889 sunt,
3354 3839 3494 3895 quos

1910 3927 2034 3969 meo
2064 3914 2287 3970 nomine
2307 3914 2628 3984 compellari
2660 3928 3009 3984 summopere
3041 3914 3259 3985 cupiam
3291 3933 3305 3971 ε
3334 3923 3496 3985 pater

1911 4002 2182 4072 Proclus;
2221 4003 2463 4077 Trypho,
2496 4005 2590 4075 qui
2634 4003 2933 4075 provinciae
2980 4014 3186 4060 nostrae
3226 4004 3491 4076 praefuit;

1912 4096 2236 4169 Simplicius
2267 4114 2377 4152 non
2411 4098 2598 4153 minus
2630 4098 2737 4164 vir,
2765 4112 2930 4167 quam
2963 4097 3318 4166 magistratus
3346 4096 3494 4166 Opti-

1909 4205 2056 4254 mus,
2088 4198 2142 4245 et
2174 4190 2387 4245 amicus
2412 4204 2567 4245 meus
2601 4207 2614 4243 :
2648 4189 2739 4243 cui
2767 4196 3056 4259 postquam
3094 4188 3303 4242 litteras
3333 4186 3494 4241 obtu-

1909 4284 2065 4350 leris,
2128 4282 2373 4353 Quandiu
2438 4281 2731 4351 praesentis
2767 4280 2984 4351 capiam
3021 4279 3215 4343 habes,
3270 4278 3493 4334 homine

225 4374 385 4440 Οἶνος
412 4372 505 4429 οῦν
543 4376 702 4445 μόνος
738 4375 853 4427 ἐστὶ
882 4373 943 4426 τδ
986 4374 1224 4442 φορτίον.
1286 4373 1496 4425 Ἐλαίου
1544 4373 1601 4426 δὲ
1632 4375 1692 4426 ού
1727 4375 1804 4445 μά

1916 4383 2089 4429 utere.
2153 4373 2485 4429 Praeclarum
2546 4374 2692 4428 enim
2752 4380 2839 4427 est
2901 4386 3027 4426 cum
3064 4371 3237 4426 milite
3281 4370 3488 4425 versari

227 4468 327 4538 τὴν
352 4438 555 4535 τιμίαν.
573 4481 667 4516 σου
696 4462 959 4533 κεφαλὴν,
984 4438 1103 4514 οὐδὲ
1126 4460 1325 4518 κύαθον
1355 4460 1635 4530 ἀγώγιμον
1659 4438 1806 4532 ἔχου-

1916 4466 2143 4534 poeticae
2187 4461 2461 4522 studioso.
2520 4463 3015 4520 Struthiocamelos
3057 4476 3287 4533 magnos
3322 4461 3491 4517 habe-

229 4577 316 4612 σιν
340 4574 355 4589 ·
387 4555 580 4610 οῦκουν
601 4555 700 4608 ὅσα
725 4570 789 4621 γε
819 4553 914 4611 καὶ
941 4552 1040 4622 ἐμὲ
1069 4552 1289 4605 εἰδέναι.
1322 4551 1526 4605 Τοσάδε
1548 4548 1642 4606 οὖν
1662 4554 1807 4607 οἴνου

231 4651 415 4716 ξεστία
441 4649 595 4702 λάϐε.
612 4646 774 4719 Λήψῃ
794 4645 869 4707 δὲ,
901 4644 1121 4706 ἐπιδοὺς
1147 4642 1209 4695 τὺ
1237 4644 1372 4713 πρὸς
1410 4644 1629 4697 Ἰούλιον
1650 4645 1812 4716 πρόσ-

224 4757 436 4811 ταγμα.
484 4740 812 4809 Πρόσκειται
848 4735 906 4787 δὲ
947 4736 1016 4804 τῇ
1057 4734 1335 4805 ἐπιστολῇ,
1368 4734 1463 4787 τοῦ
1497 4734 1572 4807 μὴ
1621 4736 1810 4791 διαπε-

231 4835 345 4885 σεῖν
370 4832 554 4885 ἓνεκα.
587 4828 696 4881 Καὶ
740 4824 817 4895 τῷ
852 4825 1025 4895 πατρὶ
1059 4824 1288 4895 Πρόκλῳ
1317 4825 1668 4896 γεγράφηκα,
1712 4828 1807 4881 καὶ

228 4919 402 4976 ταῦτα
429 4920 713 4987 πέπομφα.
747 4914 998 4982 Δεξάσθω
1044 4915 1138 4967 καὶ
1182 4914 1283 4983 τὴν
1330 4916 1615 4985 ἐπιστολὴν
1654 4919 1805 4989 παρά

232 5013 347 5075 σοῦ,
378 5012 472 5065 καὶ
503 5012 594 5064 τὸν
634 5006 776 5064 οἶνον
807 5007 959 5079 παρά
1007 5008 1101 5061 τοῦ
1154 5008 1396 5066 Ἰουλίου.
1443 5010 1698 5081 Τρύφωνι
1727 5014 1805 5084 τῷ

231 5103 417 5176 χρυσῷ
454 5103 553 5173 (δεῖ
576 5104 682 5174 γάρ
708 5120 760 5154 τι
792 5102 886 5156 καὶ
932 5103 990 5153 ἐν
1016 5098 1224 5163 τούτοις
1252 5100 1458 5170 ψυχρὸν
1504 5103 1679 5157 εἰπεῖν
1710 5108 1804 5159 καὶ

229 5196 553 5267 Γοργιαῖον).
584 5193 837 5264 Τρύφωνι
863 5193 932 5246 τά
957 5192 1105 5264 δῶρα
1137 5194 1648 5265 παρεσκευάσαμεν,
1672 5196 1805 5251 ὀπὸν

230 5287 442 5355 σιλφίου
470 5285 656 5339 πολύν.
698 5284 901 5338 Βάττου
935 5284 1045 5355 γὰρ
1069 5284 1284 5348 ἀκούεις
1311 5287 1441 5339 αὐτὸ
1468 5287 1640 5359 δήπου
1666 5304 1679 5317 ·
1711 5293 1805 5344 καὶ

228 5379 427 5453 κρόκον
477 5378 716 5448 ἄριστον.
780 5375 1005 5446 Ἀγαθὸν
1049 5376 1159 5448 γὰρ
1202 5378 1237 5448 ή
1288 5376 1513 5449 Κυρήινη
1560 5379 1669 5452 (72)
1714 5384 1808 5437 καὶ

1911 4555 2106 4611 bamus
2133 4570 2201 4611 ex
2224 4557 2633 4621 venationibus,
2674 4570 2813 4626 quas
2848 4564 3095 4626 tempore
3148 4555 3300 4624 pacis
3332 4569 3492 4608 exer-

1911 4647 2149 4713 cuimus.
2201 4644 2405 4701 Verum
2455 4646 2673 4701 mittere
2700 4660 2798 4700 eos
2827 4645 2896 4699 ad
2926 4659 3079 4699 mare
3138 4659 3235 4714 per
3290 4642 3489 4698 infesta

1914 4739 2153 4794 hostium
2208 4752 2361 4792 arma
2409 4752 2519 4791 non
2572 4736 2878 4807 potuimus,
2923 4745 3103 4806 neque
3146 4734 3298 4789 aliud
3329 4736 3489 4803 quid-

1910 4844 2078 4901 quam
2102 4842 2318 4892 eorum,
2349 4842 2470 4898 qua!
2500 4826 2557 4881 in
2586 4827 2772 4882 littore
2803 4832 2985 4892 erant,
3028 4824 3265 4895 navigiis
3315 4826 3492 4895 impo-

1914 4936 2045 4978 nere
2083 4921 2262 4976 licuit.
2290 4918 2434 4975 Viuo
2463 4918 2631 4989 igitur
2663 4917 2937 4973 duntaxat
2966 4918 3339 4973 oneravimus.
3368 4917 3485 4973 Olei

1914 5029 2061 5079 vero,
2092 5029 2188 5084 per
2241 5013 2627 5069 charissimum
2679 5017 2845 5081 caput
2889 5018 3066 5073 tuum,
3125 5025 3192 5066 ne
3228 5012 3488 5082 cyathum

1912 5108 2133 5177 quidem
2167 5107 2556 5176 importarunt,
2593 5113 2860 5173 quantum
2890 5103 3031 5159 scire
3062 5104 3356 5174 potuerim.
3380 5104 3489 5157 Ac-

1912 5202 2033 5270 cipe
2067 5200 2236 5271 igitur
2264 5199 2378 5253 vini
2426 5197 2654 5252 totidem
2703 5198 2999 5252 sextarios.
3042 5197 3297 5267 Accipies
3328 5212 3483 5259 vero,

1915 5298 2206 5361 postquam
2239 5289 2581 5352 mandatum,
2604 5288 2748 5358 quod
2773 5288 2837 5342 ad
2862 5286 3067 5343 Iulium
3100 5288 3362 5357 scriptum
3380 5296 3483 5353 est,

1914 5382 2132 5437 dederis
2157 5399 2171 5436 :
2199 5378 2345 5451 quod
2376 5377 2622 5449 epistolae
2651 5376 2969 5446 adjunctum
2997 5384 3103 5455 est,
3129 5392 3199 5432 ne
3231 5376 3487 5432 excidere

1463 5490 1642 5549 DION.
1686 5494 1954 5553 PETAVII
1987 5494 2219 5553 ΝΟΤΑΕ.

302 5612 409 5691 ﬁl)
439 5608 774 5691 μτχχχνιι]
799 5610 891 5691 ‘0‘.)
917 5607 1030 5691 γᾴρ
1050 5607 1473 5691 ρπεηέγραπτο.
1495 5610 1628 5691 lmo_
1652 5614 1799 5691 quod

1911 5614 2039 5691 αύτὸ
2064 5614 2237 5682 δήπου
2263 5612 2357 5691 καὶ
2384 5611 2585 5691 κρόκον
2617 5610 2857 5683 ἄριστον,
2880 5615 2985 5663 etc.
3011 5604 3339 5691 quanquam
3360 5611 3484 5673 post

231 5682 308 5735 ιΙΙί
342 5677 646 5752 inscriptus
670 5677 813 5735 esset
839 5677 1155 5752 laseiculus.
1188 5677 1311 5752 L_eg.
1345 5681 1526 5752 itaque
1558 5683 1638 5733 σοὶ
1666 5677 1794 5752 γάρ.

304 5753 415 5816 (Η)
459 5747 698 5820 Ἀγαθὸν
719 5755 829 5819 γὰρ
854 5747 1178 5820 ήᾲζςυρήνη.
1210 5748 1591 5820 §upplevimus
1610 5747 1687 5804 ex'
1706 5747 1793 5805 ve»

234 5822 341 5875 teri
397 5817 560 5877 voces
623 5817 853 5891 aliquot.
898 5817 1166 5873 Nimirum
1211 5818 1417 5872 Βὰττου
1450 5818 1557 5891 γὰρ
1587 5821 1805 5885 ἀκούεις

1904 5684 2075 5753 δήπου
2117 5676 2329 5753 'voeuja
2360 5676 2621 5753 quaedam
2655 5676 2795 5753 erat,
2827 5676 3208 5753 qtrarrLlegere
3258 5689 3484 5753 prorsus

1907 5743 2014 5807 non
2052 5754 2223 5822 potui.
2262 5751 2358 5822 Sic
2376 5743 2561 5822 autem
2590 5748 2801 5822 depicta
2835 5743 3048 5815 fuit(D‘.
3080 5743 3346 5822 Caeterum
3377 5744 3480 5822 ali-

1913 5813 2200 5892 quid'ante
2228 5820 2431 5891 ἀγαθὸν
2459 5819 2566 5890 γάρ
2593 5821 2627 5889 ή
2656 5813 2817 5890 Κυρ.,
2838 5828 2941 5872 etc.
2952 5813 2970 5885 ,
2992 5825 3187 5887 praeter
3216 5814 3347 5869 ὀπὸν
3379 5813 3486 5867 σιλ-
