3838 6236
447 397 588 452 ιεεδ

1504 391 1768 448 SYNESII
1817 387 2286 447 PTOLEMAIDIS
2325 386 2636 445 EPISCOPI

3586 389 3713 445 ιωι

448 520 652 583 posset.
689 509 894 578 Scripsi
957 518 1013 565 et
1057 511 1202 580 patri
1243 509 1473 574 Proclo,
1527 511 1829 580 eademque
1873 509 2017 564 misi.

2146 507 2310 560 ῖοῦτον
2360 506 2633 577 ἐκτρέφει.
2671 505 2746 558 Οὐ
2784 506 2893 576 μὴν
2932 503 3208 574 ἐξεγένετο
3239 506 3510 577 πέμπειν,
3555 506 3619 559 τό
3658 523 3713 574 γε

447 604 696 672 Accipiat
721 619 750 656 a
777 612 830 658 te
858 604 1090 666 litteras,
1110 603 1412 672 vinumque
1446 603 1516 658 ab
1542 601 1708 656 Julio.
1741 600 2038 672 Tryphoni.

448 710 618 748 aureo
650 696 911 763 (oportet
941 699 1088 749 enim
1114 696 1170 750 in
1193 696 1262 751 iis
1294 695 1553 765 frigidum
1585 693 1794 763 aliquid
1816 702 1870 747 et
1894 692 2028 746 Gor-

447 786 758 857 gimsimile
790 786 1037 858 dicere),
1065 786 1367 859 Tryphoni,
1393 788 1643 857 inquam,
1677 786 1820 840 dona
1871 799 2032 852 para-

2132 597 2226 651 νῦν
2250 599 2391 669 ἕχον.
2438 598 2576 651 Ἀλλ’
2607 597 2961 668 ὲκπὲμψομεν
2989 598 3054 652 ἂν
3076 601 3155 661 είς
3180 598 3371 669 ἑτέραν
3399 598 3567 661 ναῦν,
3593 601 3716 650 ὅταν

2132 693 2227 746 καὶ
2259 693 2388 762 ὑμῖν
2421 692 2538 762 μετ’
2567 691 2732 746 αὐτοῦ
2769 693 2869 764 μὲν
2894 693 2994 758 τὰς
3025 693 3338 764 στρουθοὺς,
3392 694 3718 763 καταμόνας

2131 787 2190 838 δὲ
2221 785 2491 838 τοῦλαιον.

451 875 647 940 vimus,
687 877 883 932 laseris
912 893 1167 948 magnam
1191 880 1427 949 copiam.
1455 877 1569 932 Hoc
1595 877 1741 931 enim
1774 876 1840 931 de
1866 875 2022 930 Batto
2062 877 2280 932 scilicet
2319 879 2582 949 accepisti
2633 898 2646 933 :
2690 880 2757 934 ad
2787 879 2904 935 haec
2951 893 3174 936 crocum
3219 880 3513 950 optimum.
3584 877 3714 930 Nam

447 973 497 1019 et
543 967 644 1021 hoc
676 968 906 1038 probmn
942 968 1172 1040 Cyrenis
1208 971 1478 1041 provenit.
1512 969 1626 1024 lloc
1666 977 1850 1024 tamen
1888 969 2106 1024 mittere
2174 970 2231 1024 in
2282 971 2571 1040 praesentia
2605 986 2714 1025 non
2750 973 2940 1041 potui:
2983 972 3076 1028 sed
3133 973 3188 1027 in
3233 974 3461 1027 alteram
3527 981 3716 1044 postea

449 1070 645 1114 navem
699 1062 1042 1132 imponetur,
1105 1073 1220 1119 tum
1271 1081 1399 1120 cum
1457 1064 1525 1119 ad
1573 1079 1674 1119 vos
1726 1065 2008 1119 mittemus
2073 1080 2198 1119 cum
2248 1065 2343 1120 illo
2389 1066 2610 1138 quidem
2663 1067 3172 1134 struthiocamelos,
3227 1068 3485 1138 privatim
3533 1075 3714 1122 autem

447 1155 654 1210 oleum.

916 1242 1259 1302 EPISTOLA
1295 1246 1581 1303 CXXXIV.

1147 1336 1354 1392 Fratri.

523 1427 834 1487 Poemenius
861 1433 969 1496 hic,
1002 1448 1032 1486 a
1075 1447 1188 1502 quo
1216 1431 1318 1487 has
1359 1431 1574 1487 litteras
1609 1430 1868 1502 accipies,
1902 1429 2038 1486 mis-

454 1537 551 1579 sus
579 1532 666 1579 est
699 1523 767 1578 ad
801 1540 904 1578 nos
930 1524 1001 1579 ab
1027 1525 1387 1586 Artabuzaco,
1421 1524 1516 1594 qui
1551 1525 1711 1594 paulo
1737 1530 1864 1578 ante
1893 1521 2041 1592 prin-

453 1615 696 1685 cipatum
727 1617 923 1680 tenuit,
959 1617 1227 1671 honorum
1265 1615 1512 1670 omnium
1547 1625 1791 1678 curator,
1826 1630 1950 1684 qua:
1979 1614 2034 1668 in

455 1706 541 1761 his
573 1706 706 1762 locis
739 1709 1058 1776 possideret.
1119 1707 1226 1761 Sed
1279 1706 1334 1761 in
1381 1722 1447 1762 eo
1505 1723 1731 1762 munere
1779 1706 2035 1762 obeundo

457 1795 854 1863 perhumanum
909 1811 969 1852 se
1013 1811 1078 1850 ac
1129 1795 1342 1851 facilem
1406 1798 1656 1865 praebuit.
1709 1795 2034 1865 Quanquam

455 1887 578 1954 quis
609 1888 749 1944 alius
777 1889 852 1942 ita
885 1887 1179 1943 occasione
1219 1889 1319 1943 hac
1352 1889 1641 1943 uteretur?
1673 1889 1742 1942 At
1770 1887 2034 1943 Poemenii

2651 1243 2998 1297 ΕΠΙΣΤΟΛΗ
3036 1244 3200 1298 ΡΛΔ’.

2745 1334 2830 1400 Τῷ
2850 1332 3114 1404 ἀδελφῷ.

2211 1423 2498 1494 Ποιμένιος
2522 1419 2676 1490 οὗτος
2707 1426 2737 1477 ὁ
2763 1427 2864 1498 τὴν
2890 1428 3180 1498 ἐπιστολήν
3210 1444 3291 1480 σοι
3317 1427 3494 1490 διδοὺς
3518 1430 3717 1500 ἐστάλη

2141 1513 2278 1584 πρὸς
2302 1517 2452 1586 ἡμᾶς
2497 1517 2602 1570 ὑπὸ
2633 1517 2726 1570 τοῦ
2765 1518 2948 1589 μικρῷ
2975 1517 3237 1590 πράιερον
3265 1518 3719 1584 δυναστεύσαντος

2154 1605 2583 1676 ’Λρταδαζάκοψ
2617 1609 2712 1662 ἐπὶ
2737 1611 2857 1673 ταῖς
2882 1609 3094 1674 οὐσίαις
3115 1610 3379 1674 ἀπάσαις,
3407 1604 3486 1664 ὧν
3521 1612 3582 1664 ἐν
3610 1615 3719 1674 τοῖς

2140 1696 2266 1766 τῇδε
2324 1698 2511 1762 τόποις
2571 1687 2810 1768 ἐγεγόνει
2876 1701 3082 1772 κύριος.
3145 1701 3284 1754 Ἀλλ’
3351 1705 3410 1755 ὲν
3464 1703 3718 1755 ὑποθέσει

2138 1787 2364 1860 τοιαύτῃ
2391 1790 2564 1860 πρᾷον
2597 1791 2788 1845 ἑαυτὸν
2815 1792 3058 1863 παρέσχε
3084 1793 3176 1846 καὶ
3199 1793 3592 1864 μετριώτατον.
3617 1794 3719 1845 Καί

2139 1893 2221 1930 τοι
2251 1879 2334 1941 τίς
2356 1879 2540 1947 ἕτερος
2570 1881 2742 1946 οὕτως
2771 1883 3039 1953 ἐχρήσατο
3065 1882 3141 1953 τῷ
3173 1884 3387 1955 καιρῷ;
3428 1885 3715 1954 Ποιμενίνῖδ

457 1986 696 2048 potestas
742 1979 944 2034 nemini
990 1978 1222 2050 Libyum
1278 1981 1460 2050 gravis
1510 1987 1565 2032 et
1615 1993 1848 2034 onerosa
1908 1976 2032 2032 fuit.

2146 1967 2192 2020 δὲ
2217 1969 2392 2034 οὐδεὶς
2413 1971 2628 2025 Λιὸύων
2661 1971 2760 2042 τὴν
2789 1973 2909 2026 τότε
2955 1973 3182 2044 δύναμιν
3212 1974 3528 2044 ἐϐαρύνετο.
3561 1975 3719 2040 Μέγα

453 2070 627 2140 Cujus
654 2071 726 2125 rei
761 2086 866 2125 non
913 2070 1030 2126 leve
1057 2069 1163 2125 hoc
1189 2079 1569 2141 argumentum
1608 2079 1713 2132 est,
1745 2069 1889 2139 quod
1919 2085 2037 2124 ma-

454 2177 562 2231 gno
611 2161 896 2216 civitatum
953 2159 1198 2214 omnium
1265 2175 1503 2214 marore
1554 2159 1804 2214 discedit.
1860 2159 1928 2211 At
1976 2168 2037 2212 tu

456 2252 733 2307 hominem
762 2251 958 2316 amice,
1001 2258 1165 2320 atque
1199 2250 1276 2305 uti
1322 2267 1423 2321 par
1464 2258 1582 2314 est,
1615 2249 1906 2321 probitatis
1938 2264 2038 2304 no-

455 2346 601 2402 mine
629 2344 964 2400 collaudato.

808 2435 973 2506 272
1032 2433 1370 2489 EPISTULA
1411 2430 1678 2490 CXXXV.

1139 2525 1348 2579 Eidem.

523 2617 784 2674 Fructum
832 2633 898 2672 ex
942 2615 1174 2671 Athenis
1219 2625 1707 2685 quantumcunque
1755 2615 1908 2681 velis,
1949 2631 2040 2669 ca-

455 2711 598 2780 piam
631 2727 646 2763 :
671 2711 807 2764 adeo
849 2708 981 2762 mihi
1013 2708 1199 2762 videor
1221 2689 1402 2776 paluio
1431 2721 1542 2760 uno
1571 2719 1635 2758 ac
1663 2706 1831 2774 digito
1863 2705 2038 2760 factus

432 2781 685 2856 'doctior.
719 2799 868 2853 Licet
899 2807 1080 2853 autem
1117 2796 1354 2852 subinde
1405 2797 1502 2850 tibi
1531 2795 1728 2850 divinae
1765 2797 1911 2849 illius
1945 2812 2036 2852 sa-

458 2893 674 2962 pientiae
717 2890 1026 2962 periculum
1073 2889 1273 2944 facere.
1331 2887 1469 2942 Ecce
1511 2888 1658 2943 enim
1708 2903 1773 2943 ex
1824 2891 2038 2958 Anagy-

458 2990 616 3037 runte
646 2982 712 3037 ad
735 2990 788 3036 te
821 2981 1021 3046 scribo,
1047 2988 1101 3034 et
1132 2979 1418 3050 Sphettum
1444 2979 1577 3041 obii,
1601 2988 1763 3049 atque
1784 2979 2033 3044 Thrium,

456 3081 509 3127 et
551 3072 879 3142 Cephesurn,
931 3086 996 3125 ac
1045 3071 1357 3125 Phalerum.
1413 3068 1484 3124 Ut
1520 3071 1611 3125 ille
1662 3071 1805 3125 male
1854 3077 2038 3141 pereat

457 3159 644 3215 infelix
675 3159 990 3220 nauclerus,
1026 3157 1120 3227 qui
1152 3172 1238 3211 me
1281 3156 1387 3210 huc
1435 3153 1686 3210 advexit:
1727 3155 1862 3208 nihil
1890 3155 2036 3210 enim

455 3248 564 3319 jam
598 3248 820 3302 Athenae
841 3245 1186 3317 splendidum
1213 3245 1434 3308 habent,
1458 3252 1653 3316 praeter
1685 3244 2035 3300 celeberrima

457 3308 701 3394 locorum
761 3308 1002 3394 nomina.
1051 3339 1130 3392 Ac
1179 3337 1326 3391 velut
1379 3308 1674 3391 cx-hostéa
1714 3343 2034 3404 consumpta
2066 3308 2110 3367 α

459 3433 575 3487 sola
606 3431 762 3501 pellis
792 3437 1064 3500 superest,
1095 3428 1372 3492 animalis,
1398 3427 1542 3498 quod
1578 3427 1710 3481 olim
1747 3425 2039 3496 aliquando

460 3523 656 3587 fuerat,
703 3521 966 3577 indicium
1008 3539 1020 3576 :
1061 3521 1143 3576 sic
1187 3519 1313 3574 inde
1359 3520 1623 3573 translata
1667 3518 2036 3588 philosophia,

459 3621 632 3670 restat
655 3622 715 3667 ut
739 3611 1044 3668 oberrando
1066 3609 1415 3665 Academiam
1444 3623 1509 3663 ac
1533 3608 1770 3680 Lyceum
1793 3608 2037 3663 mireris:

460 3712 624 3773 atque
669 3703 828 3758 etiam
879 3701 1083 3754 variam
1129 3700 1278 3752 illam
1330 3701 1619 3768 porticum,
1653 3713 1684 3750 a
1729 3713 1834 3768 qua
1870 3697 2042 3769 Chry-

460 3794 598 3864 sippi
652 3803 799 3848 secta
845 3807 1044 3846 nomen
1095 3791 1340 3860 accepit;
1384 3804 1506 3859 quae
1555 3787 1775 3856 quidem
1819 3787 2042 3843 minime

462 3902 608 3942 nunc
639 3885 787 3938 varia
813 3893 916 3940 est.
948 3881 1082 3936 Nam
1113 3881 1410 3952 proconsul
1437 3881 1676 3936 tabulata
1707 3881 1951 3947 sustulit,
1985 3880 2040 3933 in

460 3992 580 4048 qua?
613 3983 786 4030 artem
825 3989 1040 4028 omnem
1081 3987 1237 4028 suam
1269 3970 1599 4044 Polygnotus
1633 3970 1868 4026 Thasius
1909 3984 2043 4024 con-

460 4068 680 4123 tulerat.
706 4064 860 4118 Nunc
889 4066 1072 4133 itaque
1101 4070 1289 4117 nostra
1322 4069 1481 4116 aetate
1505 4061 1601 4115 alit
1629 4060 1898 4131 Egyptus
1922 4077 2044 4131 qua:

461 4159 529 4213 ab
552 4156 778 4227 llypatia
803 4155 1080 4224 sapientiae
1111 4154 1320 4209 semina
1349 4153 1626 4222 suscepit;
1658 4153 1882 4207 Athena
1913 4167 2043 4206 vero

459 4248 731 4319 quondam
767 4246 960 4299 civitas
991 4245 1110 4310 fuit,
1151 4243 1454 4312 sapientum
1482 4241 1816 4298 domicilium
1848 4261 1860 4296 :
1897 4256 2043 4295 nunc

460 4355 579 4395 eam
615 4338 923 4393 mellatores
951 4336 1248 4390 celebrant.
1282 4333 1492 4400 Quibus
1523 4349 1622 4403 par
1653 4333 1787 4388 illud
1822 4334 2041 4403 sapien-

461 4437 574 4484 tum
635 4426 1084 4482 Plutarcheorum
1140 4424 1370 4494 adjice;
1433 4425 1527 4494 qui
1566 4439 1675 4479 non
1732 4424 2040 4479 orationum

462 4534 683 4576 suarum
719 4517 858 4572 fama
899 4517 1129 4593 juvenes
1167 4517 1219 4570 in
1255 4516 1487 4571 theatris
1519 4523 1889 4586 congregant,
1944 4515 2040 4571 sed

461 4609 637 4665 mellis
662 4623 731 4666 ex
759 4606 1008 4680 Hymetto
1042 4606 1341 4677 amphoris.

2144 2061 2442 2130 τεκμήριον
2467 2078 2479 2090 ·
2504 2061 2666 2114 λυπεῖ
2679 2062 2779 2125 τὰς
2799 2063 2982 2127 πόλεις
2998 2063 3316 2136 ἀναχωρῶν.
3339 2065 3413 2117 Σὺ
3433 2064 3492 2116 δέ
3516 2081 3607 2133 μοι
3630 2064 3719 2116 τίαν

2143 2151 2311 2222 ἄνδρα
2342 2152 2552 2220 φιλίως,
2587 2155 2683 2208 καὶ
2714 2154 2900 2226 ὥσπερ
2930 2156 3095 2222 εἰκὸς,
3121 2156 3408 2210 ἐπαίνεσον
3433 2155 3528 2208 ἐπὶ
3562 2155 3716 2208 καλο-

2145 2243 2405 2316 καγαθίᾳ.

2656 2423 3001 2476 ΕΠΙΣΤΟΛΗ
3038 2422 3207 2474 ΡΔΕ’.

2797 2511 2880 2577 Τῷ
2903 2511 3082 2577 αὐτῷ.

2244 2605 2488 2676 Οναίμην
2513 2604 2624 2658 τῶν
2663 2603 2904 2672 Ἀθηνῶν
2935 2605 3069 2674 (75),
3114 2604 3287 2657 ὁπόσα
3326 2603 3505 2673 βούλει
3530 2621 3544 2632 ·
3579 2604 3722 2656 ὥστε

2147 2712 2236 2765 μοι
2263 2695 2402 2747 δοκῶ
2429 2694 2583 2747 πλεῖν
2626 2693 2660 2764 ἢ
2706 2693 2999 2764 παλαιστῇ,
3033 2693 3126 2747 καὶ
3159 2693 3408 2762 δακτύλῳ
3439 2696 3721 2762 γεγονέναι

2146 2785 2467 2856 σοφώτερος.
2508 2785 2724 2852 Ἔξεστι
2752 2785 2809 2836 δὲ
2835 2784 2930 2838 καὶ
2974 2785 3196 2838 αὐτόθεν
3222 2785 3320 2853 τῆς
3351 2784 3504 2849 θείας
3531 2787 3721 2854 σοφίας

2143 2879 2338 2947 πεῖράν
2361 2880 2440 2931 σοί
2471 2895 2593 2932 τινα
2622 2880 2943 2949 παρασχεῖν.
2977 2877 3191 2946 Ἀμέλει
3221 2877 3326 2948 γὰρ
3361 2878 3722 2948 Ἀναγυρούν-

2141 2973 2296 3024 τοοέν
2331 2988 2412 3024 σοι
2434 2971 2632 3042 γράφω
2656 2986 2669 2998 ·
2709 2970 2804 3022 καὶ
2830 2971 3065 3040 Σφηττοῖ
3091 2969 3310 3037 γέγονα,
3345 2969 3441 3023 καὶ
3487 2970 3718 3040 Θριῶζε,

2144 3062 2240 3114 καὶ¹
2288 3062 2612 3132 Κηφισιᾶσι,
2655 3061 2752 3114 καὶ
2795 3060 3052 3131 Φαληροῖ.
3107 3060 3218 3112 Καὶ
3268 3059 3440 3122 κακὸς
3472 3059 3661 3122 κακῶς
3695 3059 3720 3110 έ

2142 3152 2300 3222 δεῦρό
2355 3169 2423 3223 με
2466 3153 2702 3222 κομίσας
2743 3152 2996 3204 ἀπόλοιτο
3051 3149 3354 3221 ναύκληρος
3378 3167 3396 3183 ·
3443 3151 3522 3213 ὡς
3574 3149 3726 3203 οὐδὲν

2144 3242 2356 3313 ἔχουσιν
2385 3245 2440 3296 αἱ
2471 3241 2565 3297 νῦν
2609 3242 2825 3312 ’Δθῆναι
2855 3241 3070 3313 σεμνὸν,
3097 3241 3209 3295 ἀλλ’
3234 3241 3268 3312 ἢ
3297 3240 3372 3295 τὰ
3394 3241 3584 3294 κλεινὰ
3619 3241 3729 3295 τῶν

2140 3337 2357 3410 χωρίων
2396 3339 2654 3408 ὀνόματα.
2701 3337 2812 3392 Καὶ
2857 3336 3109 3406 καθάπερ
3159 3335 3356 3408 ἱερείου
3418 3334 3728 3405 διαπεπρα-

2139 3431 2342 3501 γμένου
2373 3431 2434 3484 τὸ
2463 3431 2637 3502 δέρμα
2653 3430 2919 3492 λείπεται,
2953 3428 3244 3499 γνώρισμα
3269 3426 3362 3481 τοῦ
3391 3429 3567 3480 πάλαι
3596 3425 3725 3480 ποτε

2141 3521 2281 3586 ζώου
2309 3539 2322 3553 ·
2371 3521 2543 3586 οὕτως
2583 3521 2791 3574 ἐνθένδε
2831 3520 3148 3590 φιλοσοφίας
3177 3519 3581 3589 ὲξῳκισμένης,
3617 3518 3723 3572 λείο

2141 3632 2302 3668 πεται
2331 3611 2750 3684 περινοστοῦντα
2791 3610 3091 3682 θαυμάζειν
3132 3611 3230 3682 τὴν
3271 3609 3617 3679 Ἀκαδημίαν
3645 3625 3719 3670 τε,

2142 3705 2236 3757 καὶ
2264 3705 2324 3756 τὸ
2348 3702 2597 3768 Λύκειον,
2631 3703 2726 3756 καὶ
2752 3702 2817 3773 νὴ
2847 3702 2946 3754 Δία
2989 3701 3086 3772 τὴν
3117 3699 3367 3769 ποικίλην
3408 3698 3598 3761 στοὰν,
3629 3699 3722 3768 τὴν

2141 3795 2429 3866 ἐπώνυμον
2477 3796 2576 3865 τῆς
2619 3793 2945 3865 Χρυσίππου
2993 3791 3309 3862 φιλοσοφίας
3335 3831 3348 3853 ,
3398 3789 3496 3843 νῦν
3546 3789 3721 3842 οὐκέτ’

2141 3882 2308 3939 οὖσαν
2339 3885 2611 3955 ποικίλην.
2646 3885 2706 3938 ὐ
2734 3884 2843 3955 γὰρ
2871 3884 3176 3946 ἀνθύπατος
3205 3882 3302 3946 τὰς
3329 3882 3553 3944 σανίδας
3572 3882 3717 3948 ἀφεί-

2141 3979 2263 4030 λετο
2309 3978 2422 4050 [πο.
2451 3975 2692 4047 ὑφείλ.],
2738 3969 2826 4038 αἷς
2865 3973 3190 4042 ἐγκατέθετο
3218 3973 3319 4041 τὴν
3347 3971 3548 4041 τέχνην
3590 3973 3620 4023 ό
3661 3971 3717 4022 ἐκ

2141 4070 2320 4124 Θάσου
2367 4068 2738 4138 Πολύγνωτος.
2789 4065 2904 4121 Νῦν
2933 4067 3032 4138 μὲν
3063 4061 3155 4117 οὖν
3185 4065 3241 4117 ὲν
3264 4065 3378 4126 τοῖς
3418 4063 3544 4116 καθ’
3577 4064 3716 4132 ἡμᾶς

2142 4161 2353 4232 χρόνοις
2379 4160 2653 4228 Αἴγυπτος
2680 4158 2870 4230 τρέφει
2900 4158 2998 4220 τὰς
3040 4154 3303 4218 Ὑπατίας
3326 4152 3601 4223 δεξαμένη
3629 4169 3713 4220 γο-

2141 4253 2277 4316 νάς·
2333 4253 2388 4304 αἱ
2436 4251 2494 4304 δὲ
2534 4249 2776 4319 Ἀθῆναι,
2821 4247 2990 4300 πάλαι
3047 4245 3146 4316 μὲν
3187 4240 3255 4316 ἦν
3286 4246 3321 4316 ἡ
3367 4243 3524 4305 πόλις
3569 4242 3716 4295 ἑστία

2143 4343 2341 4412 σοφῶν.
2378 4342 2452 4395 Τὸ
2476 4341 2533 4395 δὲ
2559 4339 2654 4394 νῦν
2685 4339 2827 4410 ἔχον,
2863 4336 3215 4408 σεμνύνουσιν
3252 4334 3423 4397 αὑτὰς
3444 4335 3493 4387 οἱ
3530 4334 3714 4404 μελιτ-

2139 4433 2384 4505 τουργοί.
2418 4431 2584 4485 Ταῦτ’
2611 4432 2720 4501 ἄρα
2761 4430 2856 4483 καὶ
2900 4430 2934 4498 ὴ
2963 4425 3194 4497 ξυνωρὶς
3227 4425 3337 4479 τῶν
3367 4423 3550 4493 σοφῶν
3592 4424 3713 4496 [γρ.

2144 4525 2412 4594 σοφιστῶν
2441 4522 2462 4595 ]
2514 4521 2945 4593 Πλουταρχείων,
2996 4518 3192 4581 οἵτινες
3227 4517 3289 4569 ού
3319 4519 3384 4587 τῇ
3422 4517 3582 4586 φήμῃ
3615 4515 3718 4567 τῶν

2071 4635 2117 4692 ι)
2143 4617 2316 4685 λόγων
2344 4614 2653 4685 ἀγείρουσιν
2696 4613 2755 4666 ὲν
2789 4613 2900 4674 τοῖς
2932 4609 3184 4680 θεάτροις
3218 4607 3344 4672 τοὺς
3369 4606 3549 4674 νέους,
3584 4606 3719 4661 ἀλλὰ

2100 4761 2102 4765 .
2139 4711 2253 4772 τοῖς
2283 4707 2342 4775 ὲξ
2381 4702 2658 4777 Ὑμηττοῦ
2690 4701 2990 4774 σταμνίοις.

1721 4861 1904 4921 DION.
1945 4858 2217 4917 PETAVII
2251 4855 2484 4916 NOTIE.

464 4983 588 5053 φίου
617 4980 918 5053 desiderari
945 4995 1010 5037 ex
1042 4996 1109 5037 eo
1155 4981 1538 5053 convincitur,
1570 4981 1717 5053 quod
1743 4980 1810 5036 de
1838 4981 2038 5053 silphio

463 5051 691 5134 necesse
709 5069 818 5106 non
853 5051 1022 5134 fuerit
1040 5053 1287 5120 proloqui
1320 5052 1628 5134 Synesium,
1661 5051 1838 5134 ip_s_u_m
1872 5051 2037 5104 etiam

463 5123 692 5202 Cyrenis
746 5137 853 5202 non
891 5123 1120 5202 _malum
1151 5120 1438 5202 provenire
1472 5138 1485 5174 :
1519 5135 1644 5174 cum
1688 5120 1887 5202 ibidem
1921 5135 2036 5202 (λαις

463 5188 615 5245 nium
647 5191 791 5244 haud
813 5191 978 5244 dubie
1011 5188 1524 5260 praestantissimum
1560 5197 1894 5260 nasceretur.
1929 5188 2035 5260 Sed

464 5260 534 5314 de
559 5274 724 5314 croco
748 5257 1061 5328 ambiguum
1082 5268 1220 5328 erat.
1253 5261 1329 5314 De
1348 5257 1612 5328 quoPlin.
1639 5259 1733 5312 lib.
1766 5274 1877 5323 xm,
1898 5272 1944 5311 c.
1976 5257 2032 5321 6,

465 5329 570 5384 Sed
600 5345 691 5383 nec
721 5327 917 5398 ubique
941 5327 1223 5396 fecundum
1249 5328 1338 5398 (de
1364 5327 1538 5383 εειιίνο
1569 5327 1854 5398 loquitur),
1874 5329 2035 5380 etiam

465 5399 734 5469 Cyrenist
774 5397 864 5451 ubi
910 5413 1110 5469 semper
1159 5398 1317 5464 ﬂores
1373 5398 1753 5469 luudatissimi.
1813 5397 2031 5469 Postea,

466 5466 672 5523 Contra
697 5468 986 5535 Cyrenaico
1010 5469 1214 5527 vitium,
1255 5467 1393 5534 quod
1452 5470 1595 5522 omni
1633 5481 1784 5520 croco
1833 5466 2033 5535 nigrius

465 5548 566 5603 est,
600 5547 648 5590 et
678 5533 944 5590 celerrime
961 5533 1407 5589 marcescitJdeo
1425 5537 1566 5605 apud
1600 5535 1847 5590 Dioscor.
1875 5533 1971 5587 lib.
1993 5551 2030 5596 ι,

467 5621 591 5674 cap.
605 5605 1045 5674 25,Cyrenaicus
1057 5619 1257 5674 crocus
1275 5607 1523 5674 omnium
1536 5614 1620 5660 est
1635 5605 1856 5674 intimus
1873 5621 1886 5655 :
1903 5605 1961 5656 '0
1976 5605 2034 5657 δὲ

467 5672 832 5744 Κυρηναῖκὸς.
850 5676 878 5744 ό
909 5676 975 5726 ὲκ
990 5673 1286 5744 κεντορίας
1301 5672 1518 5744 πάντων
1536 5675 1642 5744 τῷν
1664 5673 1805 5744 κατὰ
1831 5680 1931 5744 τὴν
1951 5674 2036 5744 Σι-

466 5741 650 5795 κελίαν
677 5743 907 5812 ἀσθενὴς
937 5741 1079 5812 κατὰ
1105 5741 1350 5811 δύναμιν,
1372 5742 1706 5812 λαχανώδεις
1723 5741 2029 5803 ὄντεςπάν-

465 5825 577 5875 τες.
595 5812 725 5877 Quae
749 5810 914 5868 verba
928 5811 1103 5868 obiter
1119 5810 1481 5879 cma’culanda
1497 5820 1645 5868 sunt.
1666 5810 1872 5867 Vitium
1887 5812 2035 5867 enim

2142 4979 2197 5032 in
2233 4978 2302 5034 iis
2326 4975 2705 5044 manifestum,
2737 4989 2862 5028 cum
2892 4971 3255 5044 Centuripino
3277 4983 3446 5044 croco
3489 4977 3714 5044 caeteros

2141 5048 2360 5102 Siculos
2389 5041 2655 5116 ‘pratl'erre
2670 5037 2954 5116 videatur,
2995 5037 3315 5116 ethérharii
3352 5047 3539 5116 tamen
3578 5037 3716 5115 Cen-

2140 5117 2368 5186 turipini
2396 5108 2548 5170 croci
2575 5117 2630 5169 in
2664 5113 2857 5186 Sicilia
2911 5111 3260 5186 nominatim,
3295 5109 3473 5186 quasi_
3499 5108 3714 5186 exteris

2142 5175 2524 5254 praecellentis,
2564 5182 2940 5254 meminerint.
2963 5180 3055 5235 Sic
3082 5180 3250 5254 igitur
3280 5175 3529 5254 rescribo
3554 5175 3712 5254 :_'O

2139 5244 2522 5325 Κυρηναῖκὸςέ
2540 5257 2568 5307 ὁ
2605 5255 2677 5325 ὲκΔ
2701 5251 3021 5325 Κεντορίας,
3047 5244 3142 5303 καὶ
3162 5247 3362 5308 πάντες
3393 5246 3598 5298 οἱκατὰ
3618 5244 3713 5311 τὴν

2138 5321 2408 5387 Σικελίαν,
2443 5324 2528 5378 vel
2556 5322 2692 5392 μετὰ
2722 5321 2962 5392 πάντων.
3007 5388 3029 5392 _
3134 5386 3166 5392 _
3259 5385 3270 5392 _
3316 5385 3329 5392 _
3667 5381 3677 5389 .

2209 5396 2322 5460 (75)
2368 5385 2651 5462 Ὀναίιὶηζ
2675 5389 2792 5443 τῶν
2825 5388 3097 5462 Ἀθηνῶν.
3134 5386 3210 5439 De
3245 5385 3584 5462 Mhena‘ruln
3615 5385 3710 5462 mi-

2138 5449 2261 5518 sera
2288 5475 2437 5519 sorte
2466 5449 2846 5519 vide‘Gregor.
2894 5449 3029 5511 Νη.
3071 5465 3208 5510 orat.
3241 5454 3313 5508 20
3341 5456 3392 5506 in
3427 5451 3485 5506 S.
3518 5449 3706 5510 Rasil.,

2138 5479 2261 5518 sera
2288 5475 2437 5519 sorte
2466 5475 2588 5515 vute
2616 5475 2722 5514 ure
2762 5475 2846 5512 or.
2894 5475 3029 5511 ψη.
3071 5475 3208 5510 orat.
3241 5475 3313 5508 zu
3341 5475 3392 5506 m
3427 5475 3485 5506 ο.
3518 5475 3706 5510 num,

2138 5549 2192 5603 p.
2235 5535 2362 5595 529,
2393 5541 2448 5603 et
2473 5531 2702 5603 IEneam
2725 5475 2983 5603 aulaeum
3012 5522 3503 5603 initioj‘heophr.
3533 5519 3709 5603 Euna-

2137 5588 2261 5672 pius
2301 5588 2360 5656 in,
2407 5600 2696 5672 Oribasio:
2731 5599 2944 5672 ’ῼσπερ
2982 5598 3102 5659 ’τοῖς
3158 5588 3421 5672 ’Δθῄνῃσι
3467 5588 3711 5672 γεγονόσι

2143 5660 2285 5726 κατὰ
2308 5673 2436 5735 τοὺς
2467 5671 2658 5738 λόγους
2682 5667 2885 5738 πολὺς
2911 5660 3027 5738 ἄνω
3061 5666 3234 5733 χωρεῖ
3255 5660 3434 5731 λόγος,
3469 5664 3554 5714 ὅτι
3597 5660 3714 5711 ‘At-

2140 5743 2265 5812 τικὴ
2299 5741 2495 5812 μοῦσα,
2527 5739 2621 5792 καὶ
2643 5737 2706 5792 τὸ
2733 5737 2936 5804 ἀγαθὸν
2955 5737 3175 5789 οἰκεῖον.
