3838 6236
241 380 384 438 1525
1373 401 1481 458 ΕΡ]
1489 403 1754 465 δτυωε.

1989 412 2108 471 lST.
2143 416 2426 476 CXXXVI.
3368 432 3505 488 {5‘26

745 514 1096 572 ΕΠΙΣΤΟΛΗ
1132 521 1318 590 ΡΛσῖι.
1845 542 1893 596 Α

1845 542 1893 596 Α
2370 541 2711 597 EPISTULA
2762 544 3046 613 cxxxw.

811 628 1236 701 Ἐρκουλιανῷ.
1774 690 1804 702 ..

1774 690 1804 702 ..
2543 654 2892 712 llerculiano.

305 713 501 812 ρξ’-τῆς
538 716 1067 812 ’ρδοσσέως-πλάνης
1098 727 1286 795 κέρδος
1314 729 1514 802 ἔφησεν
1544 734 1812 806 Ὄμηρος,

1994 738 2044 792 Si
2078 755 2143 794 ex
2188 738 2403 812 Ulyssis
2461 746 2744 802 erroribus
2796 750 3007 803 lucrum
3064 750 3167 803 hoc
3230 752 3510 806 exstitisse

235 800 448 855 πολλῶν
479 804 783 878 ἀνθρώπων
818 809 947 864 ίδεῖν
993 830 1055 865 τε
1106 815 1273 870 ἄστεα
1294 856 1309 881 ,
1359 800 1453 873 καὶ
1482 800 1751 891 γνῶναι-τ

1991 845 2188 886 uucrus
2213 833 2437 897 cecinit,
2460 836 2759 890 multorum
2787 837 3067 891 hominum
3098 842 3259 893 urbes
3286 840 3507 905 intueri,

238 892 354 945 νόον
382 909 395 923 °
438 897 530 948 καὶ
556 897 730 953 ταῦτα
761 901 862 974 τῆς
892 908 1309 979 προσορμῖσεως
1340 914 1489 984 αὐτῷ
1519 917 1754 987 γενομένι

1990 936 2207 990 tresque
2240 938 2611 993 cognoscere;
2647 928 2956 995 praesertim
2996 934 3119 983 cu‘ui
3173 945 3280 983 non
3313 931 3378 983 ad
3404 946 3506 1000 pec

227 987 466 1092 οὑπρὺς
493 990 695 1092 ἀνδρας
722 995 1031 1092 χαρίεντας,
1057 1000 1193 1054 ἀλλά
1226 1005 1364 1075 πρὸς
1384 1006 1743 1078 Λαιστρυγόνι

1993 1028 2041 1065 )s
2091 987 2339 1070 homines
2387 987 2707 1086 appelleret,
2751 1019 2847 1074 sed
2906 1021 2971 1074 ad
3026 987 3424 1092 Lazstrygonas‘
3455 1030 3509 1077 et

239 1081 334 1131 καὶ
381 1079 730 1179 Κύκλωπα-ς·
785 1082 821 1156 ἦ
871 1106 974 1142 που
1026 1090 1351 1163 θαυμαστῶς
1400 1098 1468 1151 ἂν
1518 1100 1551 1170 ἡ
1596 1102 1755 1172 ποίησ

1997 1107 2221 1175 clopas:
2254 1110 2447 1176 procul
2480 1109 2649 1163 dubio
2697 1096 2959 1179 majorem
3012 1112 3064 1165 in
3104 1114 3323 1166 modum
3361 1124 3507 1168 tuam

240 1169 446 1273 ῦμνησε
489 1172 603 1245 [γρ.
645 1171 775 1273 ᾖσεν
808 1180 840 1248 ἡ
871 1181 1009 1253 ποί.]
1036 1184 1135 1255 τὴν
1160 1186 1299 1256 ἐμήν
1332 1205 1389 1240 τε
1424 1188 1519 1242 καὶ
1542 1169 1645 1263 σὴν
1677 1169 1756 1246 ἀπ

1992 1214 2203 1267 uultque
2256 1200 2746 1268 peregrinationem
2776 1203 2962 1271 poesis
2994 1202 3352 1266 celebrasset,
3402 1220 3508 1273 qua

234 1258 457 1329 δημίαν,
492 1265 879 1334 παρασχοῦσαν
909 1269 1043 1339 ἡμῖν
1069 1272 1151 1336 εἰς
1173 1276 1368 1345 πεῖραν
1394 1276 1566 1331 ἐλθεῖν
1592 1258 1701 1332 τῶν
1722 1298 1750 1334 κ

1994 1289 2074 1344 his
2108 1289 2407 1358 periculum
2440 1306 2629 1345 eorum
2677 1283 2857 1347 facere
2890 1308 3217 1348 conoessum
3248 1304 3355 1359 est,
3388 1310 3509 1364 qua

235 1350 322 1403 διὰ
351 1353 540 1424 φήμης
569 1356 999 1428 ἀπιστουμένων.
1028 1364 1303 1420 Αὐτόπται
1329 1368 1438 1440 γάρ
1456 1387 1540 1423 τοι
1560 1373 1654 1425 καὶ
1684 1374 1751 1425 αὐ

1992 1396 2061 1433 ua
2108 1350 2305 1435 audita
2366 1383 2707 1437 incredibilia
2772 1385 3119 1441 videbantur.
3195 1386 3300 1456 Ipsi
3358 1388 3504 1441 enim

236 1444 387 1543 ῆκοοι
410 1447 729 1543 ’γεγόναμεν
758 1451 857 1521 τῆς
894 1454 1123 1524 γνησίας
1156 1458 1533 1531 καθηγεμόνος
1582 1464 1690 1519 τῶν
1725 1483 1752 1534 φ

1993 1478 2254 1525 eetatores
2301 1478 2465 1539 atque
2510 1473 2792 1528 auditores
2837 1486 3109 1543 germanae
3145 1444 3509 1542 philosophiae

235 1532 491 1633 λοσοφίας
535 1535 649 1608 [71).
682 1540 779 1610 τῆς
809 1542 1085 1617 φιλοσοφ.]
1132 1548 1349 1619 ὀργίων.
1395 1552 1459 1604 El
1492 1553 1550 1605 δὲ
1591 1554 1684 1607 καὶ

1993 1577 2200 1615 :rorum
2239 1562 2395 1617 ducis
2437 1577 2500 1617 ac
2539 1564 2812 1633 magistrae
2858 1563 3080 1619 fuimus.
3116 1564 3271 1629 Quod
3310 1566 3355 1618 si
3404 1565 3509 1617 hu-

238 1625 515 1697 θρωπικαὶ
559 1633 738 1701 χρεῖαι
780 1635 907 1698 τοὺς
946 1639 1382 1710 κοινωνήσαντας
1419 1643 1655 1698 διαθέσει
1692 1663 1754 1699 συ

1989 1668 2078 1706 ma
2124 1653 2337 1722 negotia
2387 1667 2578 1708 eorum
2630 1656 3015 1710 communione
3067 1656 3394 1723 coniunctos
3425 1655 3505 1708 al-

232 1714 447 1772 δέουσιν
470 1733 485 1748 °
520 1720 671 1789 ἡμᾶς
699 1722 840 1776 κατά
868 1724 960 1777 τὸν
986 1726 1109 1780 νοῦν
1128 1729 1236 1781 τῶν
1265 1731 1323 1783 ἐν
1354 1733 1491 1805 ἡμῖν
1514 1734 1575 1786 τῖι
1597 1735 1748 1805 ἄριστ

1988 1754 2060 1797 :tu
2110 1745 2253 1798 inter
2300 1761 2358 1799 se
2386 1744 2642 1815 colligant
2675 1760 2738 1799 ac
2768 1745 3089 1801 devinciunt
3119 1765 3134 1812 ;
3176 1761 3275 1799 nos
3317 1747 3504 1815 utique

240 1810 671 1881 συγγενομένους
705 1812 848 1878 θεῖος
879 1817 1102 1870 ἀπαιτεῖ
1128 1820 1291 1890 νόμος
1319 1822 1597 1893 τάλλῆλων
1625 1829 1756 1898 τιμᾷ

1983 1840 2101 1887 ente
2127 1834 2498 1898 consociatos,
2531 1849 2653 1901 quze
2699 1849 2826 1903 pars
2875 1843 2959 1890 est
3004 1838 3175 1890 nostri
3209 1837 3499 1905 prmeipua,

251 1898 392 1966 Ἐγὼ
437 1900 535 1971 μὲν
571 1897 663 1957 οὖν
706 1906 802 1958 καὶ
835 1906 935 1975 τῆς
964 1909 1282 1980 σωματικῆς
1310 1914 1597 1984 συνηθείας
1624 1897 1767 1970 ἀπολι

1983 1922 2125 1977 μειινίε
2158 1924 2389 1977 invicem
2426 1924 2589 1979 rebus
2638 1926 2858 1981 studere
2888 1926 3073 1981 divina
3110 1926 3193 1981 lex
3225 1927 3499 1997 efﬂagitat.

236 1991 472 2086 λαυκςυς,
510 1994 649 2065 κόρᾷν
676 2014 737 2048 τε
768 1997 973 2051 ἀπόντα
1016 2000 1190 2065 δοκῶ,
1246 2005 1307 2056 τὸ
1341 2006 1663 2060 ὲναποτεθὲν
1710 2010 1752 2062 ὸς

1986 2013 2183 2080 Iuidem
2213 2014 2374 2083 273
2405 2030 2527 2068 eum
2568 2017 2854 2085 priesentis
2888 2031 3119 2086 corpore
3160 2019 3235 2069 tui
3272 2032 3502 2071 consue-

236 2078 337 2146 τῆς
372 2077 663 2145 διαθέσεως
704 2081 843 2149 εἶδος
890 2091 1381 2163 προχειριζομένης
1421 2095 1523 2164 τῆς
1572 2098 1752 2168 μνήμη

1990 2105 2106 2161 dine
2130 2122 2249 2159 sum
2278 2123 2411 2163 usus
2438 2109 2753 2179 aliquando,
2790 2110 3072 2166 absentem
3109 2112 3310 2167 intueri
3345 2113 3506 2166 modo

228 2170 331 2270 καὶ
364 2170 632 2242 ἐμϐομόεἰ
660 2192 760 2246 μου
794 2180 914 2242 ταῖς
942 2180 1129 2246 ἀκοαῖς
1159 2185 1191 2252 ἡ
1231 2183 1561 2255 θαυμαστῶς
1586 2188 1744 2257 γλυκε

1988 2198 2128 2262 .leor,
2163 2200 2396 2267 speciem
2433 2206 2487 2254 et
2521 2201 2813 2272 imaginem
2857 2216 2925 2256 ex
2965 2200 3158 2256 affectu
3188 2217 3504 2272 expressain

244 2259 344 2358 τῶν
375 2263 535 2332 ἱερῶν
572 2282 664 2317 σου
698 2266 895 2334 λογίων
930 2269 1051 2342 [γρ.
1085 2273 1283 2346 λόγων]
1320 2277 1458 2348 ἠχώ.
1505 2282 1578 2335 Σὺ
1605 2283 1659 2335 δὲ
1686 2285 1760 2354 ἡμ

1986 2299 2341 2358 prmsentante
2368 2293 2651 2356 memoria,
2683 2307 2747 2347 ac
2787 2294 2924 2349 meis
2951 2294 3174 2348 auribus
3206 2296 3502 2349 etiamnum

230 2350 394 2423 εἴπερ
426 2355 524 2424 οὐχ
552 2355 725 2421 οὕτως
756 2358 918 2429 ἔχεις,
946 2363 1150 2429 ἀδικεῖς
1176 2381 1191 2395 ·
1225 2369 1274 2421 εί
1303 2369 1361 2421 δὲ
1393 2369 1557 2441 ἔχεις,
1587 2375 1647 2426 οὐ

1987 2385 2118 2435 irum
2180 2382 2232 2435 iu
2284 2384 2507 2438 modum
2555 2384 2739 2439 suavis
2804 2385 2895 2438 llla
2950 2400 3233 2441 sacrorum
3286 2394 3503 2441 tuorum

237 2445 430 2507 ποιεῖς.
478 2446 769 2513 Ἀποδίδως
814 2453 923 2524 γὰρ
956 2454 1249 2521 διαθέσεως
1292 2459 1532 2532 ὄφλημα.
1566 2466 1731 2519 Ὅταν

1983 2486 2231 2525 l'tlIOlllllll
2266 2489 2369 2527 vox
2413 2474 2653 2529 insonat.
2686 2474 2764 2528 Tu
2816 2490 2945 2530 vero
2987 2477 3093 2531 nisi
3142 2476 3215 2531 ita
3248 2492 3308 2532 es
3368 2477 3495 2532 affe—

237 2533 373 2633 πρὸς
395 2535 494 2605 τὴν
518 2537 575 2589 ἐν
603 2539 889 2614 φιλοσοφίᾳ
932 2548 1214 2600 κοινωνίαν
1245 2550 1445 2617 ἀπίδω,
1479 2554 1573 2607 καὶ
1603 2556 1753 2623 φιλοσ

1984 2581 2062 2627 us,
2108 2566 2364 2633 iniuriam
2417 2566 2586 2628 facis;
2642 2568 2726 2621 sin
2776 2576 2830 2622 et
2879 2566 3141 2631 affectus,
3188 2584 3296 2623 non
3354 2570 3500 2622 mul-

234 2624 363 2728 φίαν
387 2628 601 2728 ἐκείνην
631 2634 761 2703 περὶ
793 2630 860 2707 ἧς
885 2637 1055 2691 πολλά
1090 2643 1512 2715 συγκεκύφαμεν
1534 2662 1551 2680 ⁸
1578 2648 1750 2701 ἐνταῦι

1985 2671 2032 2708 ιη
2099 2657 2253 2711 facis.
2307 2657 2525 2714 Amoris
2580 2659 2724 2711 enim
2782 2658 3025 2713 debitum
3086 2661 3364 2728 rependis.
3398 2660 3501 2714 Sed

234 2717 335 2788 ῆῖη
388 2718 480 2815 τοῦ
540 2722 800 2815 λογισμοῦ
854 2730 1176 2801 γινόμενος,
1232 2735 1350 2807 Θεῷ
1396 2738 1666 2811 βραϐευτῇ
1719 2760 1749 2795 τ

1992 2760 2040 2796 ιη
2087 2744 2155 2798 ad
2200 2744 2345 2797 illam
2392 2746 2447 2800 in
2508 2746 2864 2815 philosophia
2916 2747 3115 2802 studiis
3152 2717 3506 2802 communio-

237 2808 529 2905 συντυχίαν
550 2812 709 2905 ἡμῶν
738 2816 1050 2889 ἀνατίθημι.
1082 2822 1158 2874 Οὐ
1186 2823 1295 2895 γὰρ
1328 2826 1393 2879 ἂν
1418 2828 1511 2880 ἀπ’
1540 2808 1753 2885 ἐλάττον

1993 2849 2041 2885 m
2101 2834 2372 2902 respicio,
2434 2834 2692 2905 illamque
2750 2836 2921 2905 ipsam
2967 2837 3402 2904 philosophiam,
3451 2838 3504 2891 'rn

233 2897 271 2968 ἢ
315 2898 465 2995 θείας
506 2904 684 2969 αίτίας
720 2908 1012 2995 Συνέσιος,
1065 2916 1093 2966 ὁ
1125 2915 1187 2967 τὺ
1217 2919 1449 2987 πρᾶγμα
1475 2921 1675 2991 ἥκιστα
1722 2923 1749 2975 δ

1986 2938 2080 2975 iam
2115 2923 2209 2976 diu
2238 2939 2301 2977 ac
2331 2925 2563 2978 multum
2595 2925 2946 2980 incubuimus
2973 2944 2985 2981 :
3014 2926 3106 2979 ubi
3138 2941 3224 2991 eo,
3257 2927 3502 2995 inquam,

233 2988 525 3056 μοσιεύων,
558 2994 652 3046 καὶ
676 2994 949 3061 πλείστοις
981 3001 1079 3070 μὲν
1106 3003 1300 3069 συνὼν,
1331 3008 1418 3059 ἐπ’
1444 2988 1749 3079 ἀνθρωπικι

1990 3013 2297 3067 tioeinaudo
2349 3017 2592 3083 perveni,
2638 3016 2862 3080 rectori,
2904 3017 3348 3086 moderatorique
3398 3016 3506 3071 Deo

232 3080 293 3132 δέ
322 3085 625 3149 κοινωνίαις
657 3087 755 3150 τὰς
804 3091 1090 3156 συνουσίας
1128 3095 1467 3167 ποιούμενος,
1498 3101 1747 3171 φιλοσοφί

1987 3117 2211 3157 cursum
2242 3103 2385 3158 hunc
2418 3112 2671 3159 nostrum
2701 3103 2944 3161 tribuere
2976 3107 3144 3160 soleo.
3178 3106 3328 3160 Haud
3359 3108 3501 3160 enim

230 3173 294 3290 δὲ
338 3175 396 3227 ὲν
438 3175 692 3247 ἀρρήτων
730 3180 1119 3251 ἀρῤητοτάτοις
1153 3173 1310 3255 ἔχων,
1343 3188 1481 3242 οὕτω
1511 3192 1746 3263 προχείρι

276 3263 472 3290 ..-..-,‹..
518 3281 575 3290 --
659 3268 747 3290 -__~_
808 3271 870 3290 ,ι
921 3272 1022 3290 ,ηρ
1131 3274 1155 3284 -
1283 3278 1295 3290 ,
1516 3281 1527 3290 .
1654 3282 1690 3290 .-

1986 3194 2122 3248 l'iore
2153 3194 2352 3262 aliqua,
2383 3211 2546 3264 quam
2580 3196 2765 3250 divina
2798 3179 3055 3251 moliente
3103 3211 3166 3250 ac
3197 3197 3502 3251 destinante

238 3261 472 3329 ἐμαυτόν
517 3281 607 3329 τε,
659 3268 753 3321 καὶ
803 3271 872 3323 τά
919 3272 1157 3341 ἐμαυτοῦ
1202 3278 1458 3347 κτήματα
1504 3261 1754 3335 ἀνεκάλυι

1987 3300 2105 3348 usa,
2136 3283 2424 3355 Syueslus,
2454 3287 2547 3355 qui
2590 3302 2702 3341 rem
2736 3288 3003 3357 ejusmodi
3034 3275 3258 3343 minime
3302 3292 3354 3343 iu
3387 3292 3501 3344 vul-

228 3351 393 3450 ἀνδρὶ
433 3357 750 3450 καταϐραχὺ
796 3360 939 3414 δόντι
975 3380 1065 3433 μοι
1107 3366 1201 3418 καὶ
1246 3366 1461 3423 λαϐόντι
1504 3371 1594 3425 τὸν
1635 3373 1744 3441 λόγ‹

1993 3391 2018 3429 s
2060 3377 2344 3430 enuntiare
2388 3378 2632 3443 soleam;
2678 3378 2881 3447 quique
2917 3379 3021 3433 etsi
3069 3395 3191 3433 cum
3224 3380 3500 3450 plerisque

254 3442 405 3536 Ἐπεὶ
432 3445 478 3499 δ’
508 3442 601 3501 οὖν
628 3450 818 3518 γέγονέ
846 3470 930 3517 τις
961 3450 1136 3519 οὗτος,
1171 3459 1306 3528 πρὸς
1332 3460 1392 3513 ὃν
1421 3459 1770 3535 ἐξωρχησάμτ

1985 3464 2259 3518 miliariter
2314 3465 2514 3529 vivam,
2555 3481 2675 3521 eam
2736 3475 2916 3522 tamen
2952 3468 3385 3524 famitiaritatem
3430 3470 3501 3523 ob

238 3534 310 3587 τὰ
328 3536 463 3601 τέως
494 3538 605 3610 (74)
629 3543 964 3609 ἀνέκπυστα,
995 3547 1088 3599 καὶ
1111 3548 1216 3617 τῆς
1240 3553 1411 3619 σοφῆς
1434 3552 1525 3605 τοῦ
1550 3534 1754 3625 Πρωτέι

1984 3569 2212 3607 Imanam
2254 3555 2489 3624 aliquam
2539 3557 2977 3613 communionem
3029 3560 3345 3630 suscipiam,
3378 3561 3500 3630 phi-

232 3627 585 3699 ἐπελαθόμην
615 3633 810 3703 τέχνης
833 3653 848 3666 ·
886 3636 947 3688 οὐ
976 3638 1083 3707 γὰρ
1119 3638 1250 3708 ἄλλη
1282 3658 1365 3702 τις
1396 3638 1485 3713 ῆν,
1520 3644 1553 3714 ἢ
1584 3648 1748 3699 συνεῇ

1984 3645 2220 3713 sepliiam
2270 3661 2398 3698 vero
2444 3646 2497 3699 in
2542 3646 2757 3701 arcanis
2821 3661 2883 3702 ac
2937 3649 3162 3702 secretis
3206 3648 3370 3704 rebus
3417 3666 3500 3704 se-

239 3721 355 3782 τοίς
383 3720 684 3793 ἀνθρώποις
711 3726 770 3777 οὐ
802 3725 981 3790 θείως,
1017 3729 1155 3782 ἀλλά
1187 3732 1482 3797 πολιτικῶς
1502 3750 1516 3765 ο
1566 3736 1688 3788 ἐπεὶ
1725 3753 1755 3803 γ

1984 3735 2274 3789 etissimam
2324 3737 2587 3790 habeam:
2623 3749 2731 3791 tam
2784 3736 2939 3792 facile
2977 3740 3265 3808 mcipsum,
3304 3756 3500 3809 meque

236 3825 367 3877 γονε
415 3812 573 3865 τοῦτο
595 3852 611 3877 ,
657 3816 718 3868 οὐ
756 3819 1094 3889 προθεμένης
1127 3838 1215 3890 μοι
1246 3825 1345 3893 τῆς
1396 3824 1658 3897 γνώμης,
1702 3828 1752 3880 ἀ]

1981 3826 2100 3878 unia
2158 3825 2363 3879 homini
2423 3826 2641 3893 (letexi,
2705 3843 2939 3897 quocum
3008 3831 3283 3896 paululum
3359 3834 3497 3886 ultro

239 3902 720 3959 ἀκατασκεύαστον
751 3908 901 3977 ἄφνω
929 3911 1195 3981 παρελθὸν
1215 3951 1231 3976 ,
1281 3914 1391 3981 ἐγὼ
1418 3915 1549 3969 Θεὸν
1574 3919 1751 3988 ἠγεμό

1981 3924 2166 3986 imque
2208 3931 2516 3976 sermonem
2567 3919 2793 3973 contuli.
2850 3917 2954 3974 Sed
3005 3922 3262 3989 quoniam
3302 3924 3497 3993 aliquis

230 3994 335 4045 ⁴τοῦ
368 3996 670 4066 παραδόξου
716 3998 1036 4070 λογίζομαι,
1086 4005 1217 4072 παρ’
1248 3999 1309 4058 οῦ
1336 4005 1489 4067 τέλος
1524 4008 1746 4078 αίτήσορ

1978 4021 2136 4059 unum
2167 4006 2420 4062 inventus
2448 4013 2552 4072 est,
2586 4008 2729 4078 apud
2765 4024 2924 4079 quem
2957 4010 3198 4065 inaudita
3228 4012 3494 4077 elferrem,

237 4084 352 4137 τῶν
380 4085 445 4138 δι’
474 4087 634 4140 αὑτὸν
666 4089 979 4159 ἡργμένων.
1027 4093 1137 4145 Καὶ
1164 4093 1280 4165 δοίη
1314 4096 1430 4164 μετ’
1450 4098 1703 4173 ⁷ἀλλήλων
1728 4118 1753 4169 q

1999 4098 2281 4167 prudentis
2306 4099 2449 4153 illius
2485 4098 2667 4156 Protei
2697 4100 2915 4156 artificii
2949 4117 3068 4157 sum
3095 4104 3319 4167 oblitus,
3353 4105 3497 4174 quod

239 4176 510 4245 λοσοφεϊν.
564 4179 625 4231 Et
666 4180 723 4233 δὲ
755 4181 829 4252 μὴ
858 4180 1036 4248 τοῦτο,
1082 4183 1297 4247 πάντως
1340 4170 1666 4257 φιλοσοφεῖν.
1728 4191 1755 4244 'l

1983 4185 2053 4238 hil
2079 4186 2224 4240 aliud
2265 4186 2385 4250 fuit,
2415 4202 2576 4255 quam
2621 4203 2744 4242 cum
2800 4189 3115 4245 hominibus
3151 4206 3256 4244 non
3290 4170 3493 4259 divina,

244 4264 420 4335 ἔγωγε
466 4267 683 4331 ἐνόντας
722 4269 812 4339 μοί
843 4286 997 4333 τινας
1041 4273 1107 4341 τῇ
1141 4271 1285 4343 ψυχῇ
1332 4274 1522 4342 λόγους
1563 4278 1689 4348 περὶ
1720 4280 1760 4331 τε

1982 4274 2014 4327 d
2067 4277 2213 4330 civili
2253 4277 2463 4331 ratione
2507 4277 2733 4332 versari.
2768 4278 3033 4343 Quoniam
3066 4280 3229 4349 igitur
3258 4280 3330 4334 ita
3361 4295 3494 4336 con-

240 4357 596 4423 ὐποθέσεως,
650 4360 719 4430 ἣν
780 4362 1357 4433 ἐπραγματευόμεθα,
1406 4367 1667 4436 καταχέαι
1720 4387 1756 4439 μ

1981 4367 2064 4433 git,
2107 4381 2216 4420 non
2277 4368 2421 4436 quod
2486 4376 2612 4423 ante
2667 4369 3077 4425 constituissem
3138 4371 3349 4433 animo,
3401 4371 3497 4426 sed

242 4448 418 4502 ὠδίνω
440 4451 539 4518 τῆς
562 4452 849 4521 ἐπιπολῆς
873 4469 886 4481 ·
921 4453 981 4504 οὗ
1016 4453 1122 4523 μὴν
1146 4454 1305 4507 τοῦτο
1337 4456 1567 4526 ποιήσω.
1599 4458 1690 4511 Σοὶ
1710 4460 1758 4527 γε

1980 4455 2067 4507 iod
2102 4456 2237 4508 citra
2277 4457 2514 4511 studium
2540 4473 2571 4513 e
2618 4473 2675 4512 re
2711 4467 2838 4512 nata
2877 4459 3152 4513 succurrit
3196 4479 3211 4513 :
3248 4476 3347 4531 ego
3387 4470 3494 4515 tam

247 4539 314 4593 ἂν
360 4540 503 4593 κατὰ
548 4540 680 4593 Θεὸν
714 4542 920 4609 γένοιτο
968 4544 1325 4613 συγγενέσθαι
1379 4547 1473 4600 καὶ
1521 4549 1652 4617 ἡμῖν
1689 4566 1756 4601 πε

1982 4545 2185 4614 opinati
2226 4556 2450 4602 eventus
2482 4547 2672 4601 ducem
2721 4559 2774 4602 et
2818 4556 3093 4603 auctorem
3139 4548 3309 4605 Deum
3354 4552 3495 4621 apud

238 4630 469 4693 τούτων,
501 4632 595 4684 καὶ
619 4631 831 4695 πολλοῖς
872 4633 1092 4704 ἄμεινον
1117 4636 1330 4690 είδόσιν.
1373 4637 1428 4689 Ἐ
1437 4638 1527 4706 μοὶ
1552 4637 1607 4690 δὲ
1636 4638 1696 4690 οὐ
1716 4656 1754 4690 κη

1979 4651 2008 4688 e
2043 4643 2267 4703 reputo;
2304 4650 2333 4687 a
2365 4650 2472 4703 quo
2521 4636 2731 4690 felicem
2781 4638 2982 4691 exitum
3018 4640 3362 4707 precabimur
3399 4655 3495 4694 eo-

246 4720 355 4783 λῶς
398 4720 510 4790 ἔχει
560 4725 920 4794 γραμματείῳ
956 4724 1232 4780 πιστεύειν
1275 4726 1341 4779 τὰ
1379 4727 1576 4781 τοιάδε.
1610 4728 1683 4780 Τὸ
1712 4730 1762 4797 γὲ

1978 4740 2064 4787 un,
2096 4739 2216 4793 quae
2252 4740 2349 4792 per
2388 4725 2568 4794 ipsum
2599 4726 2851 4779 inchoata
2888 4734 3034 4781 sunt.
3081 4730 3259 4796 Atque
3286 4730 3494 4783 utinam

244 4816 345 4885 τῆς
373 4816 662 4887 ἐπιστολῆς
704 4820 933 4888 πρᾶγμα
982 4820 1080 4873 οὐκ
1125 4820 1387 4891 ἐχέμυθον
1416 4839 1429 4852 ⁸
1482 4822 1616 4875 ἀλλά
1658 4824 1760 4890 φύσ

1980 4816 2208 4871 ὡίεουω
2249 4816 2477 4869 invicem
2514 4814 2885 4885 philOSOphari
2924 4817 3214 4870 concedat!
3262 4816 3358 4871 Sin
3401 4818 3496 4871 mi-

247 4907 463 4978 εχειτῷ
495 4911 835 4980 περιτυχόντι
883 4913 1381 4981 προσδιαλέγεσθαι,
1427 4916 1696 4984 Ἐρῤωσο,
1726 4914 1821 4967 καὶ
1922 4921 2070 4971 nus,
2127 4913 2182 4958 at
2245 4904 2468 4959 omnino
2524 4905 2712 4959 sal-tein
2763 4906 3155 4975 philosophari.
3209 4905 3345 4961 Nam
3394 4925 3496 4979 ego

251 4998 550 5068 φιλοσόφει,
596 5003 691 5054 καὶ
737 5001 967 5055 διατέλει
1011 5003 1072 5055 τὸ
1100 5005 1157 5055 ἐν
1195 5006 1328 5074 ἡμῖν
1370 5005 1767 5075 ἀνακεχωσμένι

1978 4996 2219 5050 mnullos
2265 5009 2546 5050 sermones
2586 4995 2653 5049 de
2697 5009 2762 5049 eo
2805 5005 3146 5066 argumento,
3194 4997 3340 5066 quod
3382 5007 3494 5053 tra-

246 5086 405 5155 ὄμμα
435 5088 759 5159 ἀνορύττων.
804 5090 878 5142 Τὸ
912 5091 1019 5159 γάρ
1061 5108 1144 5144 τοι
1189 5091 1336 5160 βιοῦν
1384 5092 1588 5163 ὀρθῶς,
1629 5094 1722 5147 ἅτε
1759 5096 1762 5138 ἰ

1982 5086 2230 5151 abamus,
2286 5092 2637 5141 occurrentes
2688 5086 2870 5139 animo
2908 5101 3067 5151 meo,
3118 5086 3331 5143 tametsi
3377 5090 3494 5159 epi—

250 5174 404 5247 οἶμαι
451 5181 734 5250 προοίμιον
769 5181 862 5233 τοῦ
894 5184 1108 5251 φρονεῖν
1128 5220 1144 5245 ,
1180 5181 1286 5235 ὑπὸ
1314 5184 1421 5235 τῶν
1451 5184 1688 5255 ἀρχαίων
1724 5202 1766 5237 κε

1978 5178 2078 5231 olae
2123 5174 2464 5230 committere
2508 5175 2758 5244 gestiam,
2804 5190 2913 5229 non
2964 5176 3015 5231 id
3055 5186 3237 5232 tamen
3275 5176 3489 5231 faciam.

254 5269 531 5340 φρονίμων
560 5270 772 5340 ἀνδρῶν
807 5271 1198 5337 σπουδάζεσθαι
1228 5274 1566 5344 κατεδείχθη.
1599 5275 1691 5346 Μὴ
1718 5293 1770 5328 xc

1974 5266 2150 5321 abitur
2185 5266 2330 5320 enim
2378 5264 2671 5334 aliquando
2708 5265 2829 5331 tibi,
2858 5265 3070 5321 favente
3097 5266 3242 5332 Deo,
3281 5282 3490 5323 mecum

1481 5426 1660 5481 DiON.
1732 5419 2006 5481 PETAVII
2056 5418 2288 5475 ΝΟΤΛΕ.

320 5578 438 5645 (74)
470 5578 625 5654 Πρὸς
669 5578 740 5630 δν
775 5577 1212 5654 ἐξωρχηρνάμην
1248 5579 1320 5632 τὰ
1345 5579 1507 5654 τέως.
1545 5581 1814 5654 ξΕξορχεί-

1968 5583 2168 5638 eterius
2190 5583 2475 5654 accipitur.
2504 5590 2561 5654 ut
2594 5585 2733 5653 apud
2758 5584 3006 5640 eumdem
3024 5586 3182 5654 epist.
3217 5587 3484 5654 proxima,

257 5646 405 5725 σθαι-
438 5650 662 5725 verbum
703 5655 807 5725 _est
872 5646 1047 5725 sacris
1089 5646 1411 5725 :retegendis
1447 5646 1773 5725 aptissiiniin

1971 5668 2031 5725 pc
2059 5658 2142 5725 est
2180 5646 2368 5725 _82,_'9E
2391 5646 2707 5725 ἀνδρόγυνοι
2734 5655 2995 5725 dicuntur
3030 5646 3120 5707 τδν
3149 5646 3487 5725 ἀνθρώπινον

256 5717 407 5793 quod
434 5715 804 5793 ἐπιπομπεύειν
835 5716 906 5793 τα
935 5715 1366 5793 μυστήριαξειῇε
1398 5715 1532 5793 voce
1554 5719 1692 5793 dixit
1716 5718 1772 5793 is.

1972 5720 2264 5793 Ξορχεῖσθαι
2286 5720 2418 5793 βίον.
2445 5715 2910 5793 υίῦἰλέξορχεῖσθσι
2949 5731 3081 5791 puto
3113 5715 3397 5781 idem-esse
3420 5741 3488 5780 ac

256 5785 364 5836 «lor
434 5783 622 5841 Pelus.
674 5787 712 5841 l.
747 5802 793 5847 ι.
823 5783 984 5846 epist.
1020 5783 1127 5842 81Ϊ
1145 5786 1241 5842 Est
1276 5787 1370 5844 ubi
1403 5786 1772 5858 ὲξορχεῖσθαι1

1581 5787 1740 5841 ιῖσθαι
1765 5789 1823 5843 in
1930 5783 2263 5861 propudiosa
2286 5783 2764 5863 ignominias—eque
2794 5783 3097 5846 traducere.
