3838 6236
405 363 549 421 1397
1466 373 1735 432 SYNESII
1780 376 2125 433 PTOLEMAI
2140 377 2246 433 DIS
2286 376 2591 433 EPISCOPI
3543 373 3669 429 1511

399 482 550 539 hisce
591 484 659 538 de
706 484 870 541 rebus
922 486 1182 558 colloqui,
1227 500 1435 547 etcum
1482 496 1628 561 aliis,
1655 498 1751 567 qui
1787 500 1976 554 melius

2088 500 2241 571 θαρῷ
2272 500 2382 571 γάρ
2414 498 2656 569 καθαροῦ
2701 494 3075 565 ἐφάπτεσθαι,
3122 493 3288 564 φησιν
3333 493 3397 546 οὑ
3446 494 3671 562 θεμιτὸν

398 574 503 631 ista
536 576 811 631 noverint.
858 576 988 632 Mihi
1039 596 1170 636 vero
1216 598 1561 657 nequaquam
1618 590 1835 645 consilii
1867 606 1976 646 esse

2092 594 2125 662 ἡ
2173 592 2434 644 θεσπεσία
2480 592 2650 659 φωνή.
2683 590 2748 641 Ol
2804 588 2991 640 πολλοὶ
3046 586 3103 639 δὲ
3161 586 3223 638 οὐ
3279 584 3367 638 διά
3420 585 3485 637 τὸ
3544 601 3671 655 φρο-

399 664 633 731 videtur,
683 674 866 725 tantas
931 685 1021 725 res
1076 673 1321 743 epistolae
1384 682 1738 739 concredere.
1788 680 1976 736 Totum

2092 687 2222 746 νεῖν,
2275 682 2391 737 ἀλλ’
2451 680 2583 733 αὐτὸ
2641 680 2709 733 δι’
2763 678 2914 739 αὐτὸ,
2969 678 3063 729 καὶ
3107 677 3423 747 τελειότητα
3459 675 3675 747 ἀνθρω-

394 756 540 810 enim
571 756 676 812 hoc
707 761 1065 830 epistolarum
1116 770 1393 837 negotium
1429 771 1654 829 minime
1701 782 1787 829 est
1820 775 1976 829 silen-

2093 774 2256 843 πίνην
2302 774 2535 842 ἥγηνται
2564 770 2626 822 τὸ
2669 768 2817 839 βιοῦν
2852 766 3063 837 ὀρθῶς·
3106 768 3205 838 τὴν
3235 767 3350 819 ὁδὸν
3388 768 3490 836 οὐχ
3535 767 3677 831 ἁδὺν,

395 846 455 900 tii
508 856 692 915 tenax,
742 852 836 907 sed
892 854 964 908 ita
1014 869 1413 929 comparatum,
1460 872 1520 918 ut
1569 878 1693 919 cum
1744 868 1976 937 quolihel

2091 862 2205 916 ἀλλ’
2252 861 2338 931 ἐφ’
2396 862 2423 914 ὃ
2471 861 2550 913 δεῖ
2596 861 2663 913 δι’
2711 859 2881 928 αὐτῆς
2938 858 3140 927 φθάσαι
3196 858 3536 929 νομίζοντες,
3578 875 3677 911 κσ-

395 940 817 996 scrmocinetur.
866 942 997 1001 Vale
1026 986 1042 1012 ,
1088 956 1143 1003 et
1202 950 1563 1022 philosophiae
1620 969 1842 1024 Operam
1892 957 1976 1009 ad-

2091 953 2204 1016 κῶς
2232 952 2573 1022 φρονοῦντες.
2608 948 2938 1020 Σωφροσύνη
2979 950 3087 1020 γὰρ
3115 949 3327 1018 ἄλογος.
3364 951 3461 1010 καὶ
3490 949 3675 1016 ἀποχὴ

395 1028 543 1095 hibc,
592 1030 817 1102 jugique
875 1037 1056 1092 studio
1111 1038 1391 1096 defossum
1443 1043 1499 1097 in
1545 1045 1707 1100 nobis
1763 1046 1976 1099 oculum

2091 1041 2453 1111 κρεωδαισίας
2485 1040 2655 1110 πολλὴ
2682 1039 2833 1109 παρά
2874 1037 3087 1100 πολλοῖς
3122 1038 3336 1104 ἀλόγοις
3365 1038 3568 1090 εἴδεσιν
3591 1039 3677 1087 ἑνο

393 1121 639 1177 extrahe.
680 1123 891 1197 Quippe
922 1137 1072 1184 recte
1127 1140 1188 1185 ut
1232 1134 1398 1187 vitam
1447 1135 1823 1199 instituamus,
1859 1152 1976 1205 per-

2088 1132 2298 1184 δὲδοται
2319 1131 2470 1201 παρά
2498 1131 2596 1200 τῆς
2623 1130 2857 1199 φύσεως.
2901 1128 3041 1181 Ἀλλ’
3068 1128 3168 1180 οὐκ
3196 1127 3527 1197 ἐπαινοῦμεν
3551 1128 3677 1181 οὔτε

396 1210 544 1276 inde.
597 1214 871 1285 arbitror,
920 1228 979 1273 ut
1029 1222 1245 1277 initium
1306 1225 1610 1295 sapientiae,
1655 1237 1865 1281 veteres
1920 1242 1976 1280 ac

2090 1222 2357 1293 κορώνην,
2386 1222 2495 1275 οὔτ’
2534 1222 2659 1276 ἀλλο
2688 1239 2739 1274 τι
2769 1220 2877 1273 τῶν
2911 1220 3230 1290 εὑραμένων
3271 1221 3508 1290 φυσικὴν
3541 1221 3669 1287 ἀρε-

395 1302 669 1370 sapientes
696 1306 798 1359 viri
832 1321 1179 1381 summopere
1225 1314 1631 1382 procurandum
1666 1315 1832 1386 274
1862 1332 1976 1370 esse

2089 1313 2209 1383 τὴν,
2256 1315 2337 1367 ὅτι
2382 1312 2695 1383 φρονήσεως
2729 1310 2931 1381 ἔρημα.
2990 1311 3057 1363 Ἡ
3098 1310 3155 1362 δὲ
3194 1310 3333 1364 κατά
3369 1309 3496 1362 νοῦν
3538 1310 3674 1378 ζωὴ,

395 1392 717 1451 docuerunt.
758 1397 894 1455 Nam
937 1402 987 1456 ei
1042 1404 1134 1473 qui
1187 1405 1437 1475 impurus
1487 1406 1591 1472 sit,
1630 1422 1743 1462 rem
1788 1422 1976 1476 puram

2087 1405 2240 1469 τέλος
2281 1403 2591 1474 ἀνθρώπου.
2634 1404 2853 1473 Ταύτην
2888 1403 3161 1473 μετίωμεν
3191 1419 3207 1435 ο
3258 1402 3442 1455 θεόθεν
3487 1419 3551 1455 τε
3587 1404 3673 1454 αίο

396 1486 662 1556 attingere
697 1490 853 1545 nefas
878 1508 1021 1559 esse,
1052 1494 1237 1549 divina
1270 1511 1374 1551 vox
1408 1505 1663 1552 testatur.
1714 1496 1821 1552 Sed
1859 1499 1976 1552 γυι-

2088 1495 2306 1559 τοῦντες
2334 1495 2453 1549 θεία
2486 1498 2724 1567 φρονεῖν,
2757 1496 2851 1549 καὶ
2885 1496 3059 1559 αὐτοὶ,
3080 1495 3170 1548 τὸν
3199 1495 3422 1549 δυνατὸν
3448 1495 3674 1565 τρόπον,

396 1590 495 1644 gus
533 1576 679 1633 istud
734 1581 938 1649 ipsum,
974 1593 1123 1640 recte
1155 1589 1359 1652 vivere,
1404 1604 1509 1642 non
1548 1589 1614 1643 ad
1656 1590 1976 1659 sapientiam

2090 1588 2150 1640 τὸ
2178 1589 2395 1657 φρονεῖν
2432 1587 2808 1658 ἁπανταχόθεν
2840 1587 3211 1655 συλλέγοντες.

397 1666 587 1724 rCferri
614 1711 630 1737 ,
667 1672 762 1725 sed
799 1674 974 1743 ipsum
1011 1693 1107 1747 per
1140 1695 1261 1734 sese
1300 1682 1619 1746 consistere,
1654 1689 1820 1751 atque
1858 1682 2110 1735 humana:
2140 1681 2262 1734 vita:
2299 1679 2689 1749 perfectionem
2729 1680 3011 1735 continere
3052 1689 3249 1748 putat;
3290 1679 3394 1733 hoc
3428 1686 3537 1741 est,
3578 1679 3681 1732 iter

398 1776 505 1815 non
545 1763 666 1829 iter,
694 1768 789 1823 sed
824 1770 875 1824 id
924 1773 989 1824 ad
1035 1774 1181 1841 quod
1234 1790 1330 1844 per
1363 1776 1493 1829 illud
1538 1777 1869 1831 contendere
1907 1783 2140 1846 oportet,
2186 1789 2309 1829 esse
2366 1776 2577 1839 statuit,
2640 1790 2703 1829 ac
2737 1790 3017 1844 perperam
3066 1775 3133 1829 de
3174 1774 3337 1828 rebus
3377 1776 3678 1827 existimat.

397 1849 608 1912 mnam
651 1863 878 1917 rationis
919 1867 1165 1933 quaedam
1241 1884 1436 1939 expers
1485 1872 1843 1940 temperantia
1915 1886 1967 1924 et
2018 1887 2047 1923 a
2082 1868 2331 1923 carnium
2399 1886 2500 1924 usu
2543 1870 2873 1923 abstinentia
2930 1870 3205 1938 plerisque
3262 1877 3345 1923 est
3381 1869 3680 1923 admodum

399 1948 609 2005 ratione
670 1956 983 2013 carentibus
1036 1975 1066 2013 a
1122 1973 1315 2020 natura
1384 1968 1572 2022 indita.
1650 1970 1756 2025 Sed
1815 1985 1993 2037 neque
2062 1968 2337 2022 cornicem
2423 1968 2750 2033 laudamus;
2808 1983 2907 2021 nec
2964 1967 3111 2020 aliud
3159 1967 3439 2035 quidpiam
3489 1979 3677 2019 eorum

397 2054 519 2107 quae
564 2044 799 2101 nativam
838 2049 979 2105 hanc
1024 2057 1276 2113 virtutem
1322 2063 1515 2131 adepta
1557 2064 1781 2127 fuerint,
1822 2064 1963 2133 quod
2006 2062 2306 2132 prudentia,
2334 2072 2575 2117 careant.
2605 2061 2725 2116 Vita
2761 2070 2978 2123 autem,
3025 2076 3147 2130 qua:
3186 2060 3493 2115 secundum
3523 2078 3676 2125 men_

399 2138 505 2183 tem
528 2142 633 2197 est,
671 2135 794 2193 linis
816 2154 900 2197 est
944 2144 1206 2205 hominis.
1239 2151 1391 2207 llanc
1424 2171 1523 2209 nos
1563 2157 1710 2210 omni
1746 2158 1929 2210 studio
1964 2170 2317 2221 qua-ramus;
2373 2163 2427 2206 at
2473 2171 2596 2208 cum
2644 2170 2673 2207 a
2718 2154 2834 2207 Deo
2870 2153 3055 2207 divina
3090 2167 3281 2222 sapere
3311 2154 3674 2224 postulemus,

399 2232 513 2277 tum
575 2226 677 2295 ipsi
709 2245 1037 2305 quacunque
1092 2243 1304 2299 ratione
1364 2262 1682 2315 possumus,
1714 2248 2072 2318 undequuque
2103 2246 2427 2317 sapienliam
2466 2261 2866 2313 comparemus-

851 2326 1184 2386 EPISTOLA
1222 2334 1361 2389 CXX
1374 2338 1411 2390 λ
1424 2338 1531 2394 VII.

2587 2338 2936 2391 ΕΠΙΣΤΟΛΗ
2975 2339 3143 2391 ΡΛΖ’.

1072 2422 1287 2479 Eidem.

467 2501 667 2592 Audivi
708 2506 1007 2579 aliquando
1045 2518 1356 2585 quempiam
1382 2518 1673 2585 disertum,
1704 2536 1767 2575 ac
1799 2523 1983 2592 copioc

400 2604 522 2643 sum
552 2591 848 2662 hominem,
880 2599 969 2666 qui
1002 2601 1358 2668 epistolarum
1392 2623 1550 2663 usum
1584 2591 1986 2682 utilitatemque

400 2684 830 2742 commendaret.
866 2689 1019 2755 Quod
1056 2694 1233 2763 ipsum
1279 2698 1595 2764 multorum,
1628 2708 1681 2755 et
1740 2703 1981 2756 admira-

399 2772 593 2827 bilium
626 2791 944 2834 sermonum
980 2794 1361 2853 argumentum
1396 2790 1639 2857 sophista
1675 2791 1765 2847 ille
1822 2794 1983 2847 insti-

402 2873 600 2920 tuerat.
641 2868 910 2925 Ceterum
947 2875 1068 2942 ejus
1093 2878 1168 2930 rei
1204 2880 1539 2946 praeconium
1573 2896 1698 2936 cum
1753 2898 1820 2938 ex
1860 2885 1984 2941 aliis

404 2956 596 3011 multis
624 2959 920 3028 capitibus,
953 2971 1066 3017 tum
1096 2981 1166 3020 ex
1216 2966 1320 3022 hoc
1353 2985 1463 3023 uno
1501 2972 1850 3040 potissimum
1891 2991 1983 3029 ar-

400 3046 668 3110 cessebat,
710 3050 853 3118 quod
886 3052 1170 3122 epistolam
1228 3073 1392 3127 posse
1433 3060 1638 3116 diceret
1686 3064 1981 3120 infelicium

403 3149 649 3190 amorum
691 3154 815 3195 esse
847 3144 1127 3212 solatium,
1161 3155 1219 3201 ut
1253 3165 1374 3218 qua:
1399 3166 1494 3220 per
1524 3153 1828 3209 absentiam
1855 3172 1982 3211 cor-

405 3243 596 3297 porum
627 3230 914 3302 imaginem
949 3241 1244 3306 quamdam
1282 3244 1587 3310 pra-sentia:
1618 3245 1866 3311 referret,
1889 3264 1983 3303 eoo

401 3335 509 3388 que
538 3320 678 3391 ipso,
711 3324 859 3393 quod
885 3328 1122 3396 colloqui
1154 3330 1449 3397 videretur,
1492 3334 1799 3389 animorum
1835 3336 1981 3393 desi-

403 3411 619 3467 derium
657 3416 925 3483 expleret.
966 3416 1049 3472 Ob
1073 3420 1188 3473 hac
1218 3420 1386 3489 igitur
1410 3423 1761 3493 epistolarum
1786 3428 1981 3483 inven-

403 3511 573 3558 torem
606 3503 899 3571 laudabat;
945 3515 1109 3577 atque
1173 3511 1277 3564 hoc
1339 3526 1543 3568 munus
1602 3528 1713 3569 non
1768 3516 1835 3571 ab
1870 3520 1981 3573 ullo

2735 2427 2819 2493 Τῷ
2847 2427 3025 2493 αὐτῷ.

2160 2521 2413 2575 Ἤκουσά
2438 2537 2533 2573 του
2562 2520 2671 2573 τῶν
2704 2520 2892 2573 δεινῶν
2944 2521 3123 2588 λέγειν
3148 2520 3341 2591 ἀνδρὸς
3380 2519 3669 2574 ἐπαινοῦν.

2085 2628 2176 2675 τος
2214 2612 2405 2682 χρείαν
2441 2612 2729 2683 ἐπιπολῆς
2761 2627 2775 2641 ·
2829 2613 2924 2665 καὶ
2951 2611 3099 2664 τοῦτ’
3133 2611 3263 2663 αὐτὸ
3293 2611 3402 2663 τῶν
3435 2610 3670 2671 πολλῶν,

2086 2705 2180 2757 καὶ
2209 2703 2541 2774 θαυμαστῶν
2573 2703 2747 2772 λόγων
2773 2701 3029 2771 σοφιστὴς
3064 2700 3319 2754 ὑπόθεσιν
3349 2701 3667 2770 ἐπεποίητο.

2099 2794 2444 2864 Ἐχορηγεῖτο
2472 2794 2528 2847 δὲ
2560 2794 2730 2863 αὐτῆς
2756 2794 2817 2846 τὸ
2848 2792 3124 2862 ἐγκώμιον
3164 2792 3402 2862 πολλαχῇ
3443 2792 3544 2861 μὲν
3574 2793 3671 2845 καὶ

2085 2883 2217 2953 ἄλλῃ
2239 2924 2255 2950 ,
2308 2883 2542 2954 μάλιστα
2571 2883 2627 2936 δὲ
2660 2884 2768 2937 ἀπὸ
2805 2882 2899 2936 τοῦ
2940 2881 3198 2935 δύνασθαι
3238 2883 3337 2951 τὴν
3379 2882 3670 2951 ἐπιστολὴν

2085 2972 2305 3043 ἐρώτων
2354 2973 2456 3026 οὐκ
2506 2973 2879 3043 εὐτυχούντων
2928 2968 3067 3026 εἶναι
3102 2972 3477 3043 παραμυθίαν,
3522 2990 3669 3043 παρ-

2085 3063 2353 3135 εχομένην
2380 3066 2439 3118 ἐν
2478 3066 2717 3137 ἀπουσίᾳ
2752 3066 3020 3136 σωμάτων
3058 3065 3363 3133 φαντασίαν
3392 3066 3492 3135 τῆς
3521 3082 3664 3134 παρ·

2085 3155 2302 3221 ουσίας,
2348 3159 2443 3211 καὶ
2480 3157 2557 3229 τῷ
2593 3158 2768 3211 δοκεῖν
2808 3157 3323 3230 προσδιαλέγεσθαι,
3356 3158 3537 3228 ψυχῆς
3579 3159 3672 3211 ἐκ·

2084 3246 2407 3318 πιμπλᾶσαν
2446 3248 2507 3302 τὸ
2548 3250 2851 3319 ἐφιέμενον.
2895 3248 3080 3302 Ταῦτα
3106 3245 3199 3303 οὖν
3240 3248 3471 3318 ἀνύμνει
3537 3247 3668 3319 [πρ.

2083 3339 2367 3412 ἀνυμνεῖν]
2398 3340 2489 3393 τὸν
2526 3342 2753 3412 εὑρετὴν
2777 3340 2885 3393 τῶν
2916 3341 3258 3411 γραμμάτων
3284 3357 3298 3373 ·
3331 3342 3427 3393 καὶ
3452 3340 3673 3409 ἀνθρὼο

2084 3446 2191 3482 που
2220 3431 2319 3501 μὲν
2348 3431 2561 3495 οὐδενὸς
2584 3432 2760 3500 ἠξίου,
2791 3430 2925 3483 Θεοῦ
2954 3430 3012 3484 δὲ
3051 3432 3129 3492 εἰς
3163 3429 3486 3501 ἀνθρώπους
3529 3426 3672 3482 εἶναι

2083 3522 2185 3593 τὴν
2216 3522 2387 3579 δόσιν.
2449 3522 2592 3591 Ἐγὼ
2632 3524 2730 3593 μὲν
2757 3519 2849 3576 οὖν
2887 3520 3141 3574 ἀπολαύω
3182 3519 3283 3589 τῆς
3321 3522 3475 3590 ἱερᾶς
3504 3520 3671 3589 τῆσδε

403 3596 621 3650 homine
668 3597 995 3665 profectum,
1059 3600 1151 3654 sed
1200 3616 1228 3653 a
1278 3600 1385 3657 Deo
1436 3604 1489 3657 in
1548 3604 1798 3662 homines
1860 3624 1976 3663 csse

2087 3614 2181 3666 τοῦ
2219 3613 2355 3667 Θεοῦ
2400 3614 2645 3685 χάριτος,
2680 3613 2943 3684 καὶπρὸς
2988 3612 3046 3664 ὃν
3093 3610 3200 3664 ἔδει
3248 3611 3455 3677 λαλεῖν,
3502 3614 3551 3664 εἰ
3598 3613 3672 3681 μὴ

404 3684 708 3739 derivatum
766 3686 1135 3742 existimabat.
1215 3689 1325 3760 Ego
1379 3692 1561 3762 itaque
1634 3694 1821 3751 divino
1882 3698 1975 3753 illo

2087 3706 2321 3777 δύναμαι
2351 3666 2553 3772 λαλεῖν,
2576 3666 2693 3760 ἀλλ’
2726 3666 3184 3777 ἐπειδὴΊγράφειν
3226 3666 3486 3775 δύναμαί,
3522 3666 3676 3777 Bait;

404 3774 669 3829 beneficio
702 3775 880 3841 fruor,
916 3787 971 3832 et
1000 3778 1068 3832 ad
1100 3797 1224 3835 eum
1277 3783 1491 3852 ipsum,
1537 3800 1773 3854 quocum
1809 3789 1976 3843 collo-

2087 3774 2246 3849 τοῦτο
2270 3796 2411 3849 ποιῶ
2436 3814 2449 3828 ’
2501 3798 2597 3850 καὶ
2639 3797 2779 3850 κατὰ
2820 3797 2881 3849 τὸ
2900 3774 3255 3866 ἐνδεχόμενον
3304 3774 3547 3868 σύνειμι,
3578 3774 3674 3851 καὶ

403 3865 497 3933 qui
528 3874 825 3935 oporteret,
861 3868 905 3921 si
947 3868 1129 3924 minus
1164 3870 1400 3941 colloqui
1440 3889 1687 3943 possum,
1719 3879 1976 3947 quoniam

2087 3884 2344 3938 ἀπολαύω
2370 3884 2479 3939 τῶν
2504 3884 2653 3955 ἐμῶν
2678 3883 2961 3938 παιδικῶν.
2990 3865 3159 3947 Αὐτὸς
3187 3884 3264 3947 δὲ,
3290 3885 3339 3936 εἰ
3372 3865 3675 3956 μὴνπικρὸν

404 3955 649 4012 scribere
710 3972 957 4027 possum,
1020 3961 1221 4029 szepius
1277 3963 1379 4018 hoc
1418 3964 1597 4033 facio;
1661 3975 1734 4031 et,
1795 3971 1976 4038 quoad

2088 3974 2283 4040 εἰπεῖν,
2306 3972 2694 4042 συνδιέστησας
2722 3973 2813 4025 καὶ
2845 3971 2924 4042 τῷ
2960 3972 3110 4041 τόπῳ
3134 3971 3233 4041 τὴν
3263 3971 3513 4042 γνώμην.
3552 3955 3674 4026 Κᾶν

403 4044 524 4101 fieri
563 4060 594 4100 a
625 4062 711 4103 me
742 4057 942 4117 potest,
974 4063 1099 4103 cum
1137 4067 1204 4105 co
1228 4069 1438 4121 versor,
1471 4057 1717 4126 meisque
1766 4059 1976 4116 deliciis

2093 4063 2169 4134 μὴ
2200 4061 2385 4134 παύσῃ
2413 4062 2607 4116 σαυτὸν
2626 4062 2880 4131 ἀφέλκων
2907 4063 3015 4115 τῶν
3044 4061 3354 4115 ἀδολώτατα
3378 4063 3474 4115 καὶ
3502 4064 3675 4131 ἀσκή-

406 4135 679 4208 perfruor.
710 4136 791 4192 Tu
825 4155 975 4206 vero,
1010 4143 1115 4198 nisi
1144 4143 1197 4197 id
1236 4144 1383 4199 dictu
1416 4148 1675 4202 acerbum
1707 4158 1813 4213 est,
1863 4152 1983 4204 ani-

405 4241 553 4280 mum
586 4241 692 4281 una
727 4242 851 4281 cum
884 4230 1004 4285 loco
1037 4230 1377 4301 disjunxisti.
1417 4235 1573 4300 Quod
1615 4237 1660 4291 si
1712 4248 1763 4292 te
1810 4240 1879 4294 ab
1915 4241 1985 4298 iis

404 4316 747 4384 abstrahere,
780 4320 873 4390 qui
903 4320 1280 4380 sincerissime
1298 4339 1363 4379 ac
1387 4326 1507 4382 sine
1534 4326 1663 4381 fuco
1692 4338 1980 4394 amarunt.

402 4422 511 4461 non
547 4407 800 4476 desieris,
829 4409 1153 4468 hirundines
1187 4413 1439 4481 imitaris,
1464 4431 1585 4486 quae
1612 4417 1667 4473 in
1700 4418 1983 4477 hominum

403 4498 550 4552 velut
576 4500 871 4574 amicitiam
911 4518 1033 4558 cum
1069 4519 1201 4559 voce
1233 4519 1297 4560 ac
1325 4507 1566 4564 clamore
1614 4525 1736 4567 sese
1793 4512 1983 4570 confe-

402 4598 569 4655 runt;
608 4590 831 4647 silentio
868 4608 997 4649 vero
1044 4594 1370 4666 demigrant.
1414 4598 1594 4670 Atque
1645 4602 1772 4669 hoc,
1835 4606 1979 4675 quod

403 4678 471 4730 ad
501 4678 775 4736 hominem
808 4682 987 4738 adhuc
1022 4687 1282 4753 pertinet,
1317 4687 1667 4761 hominisque
1705 4696 1982 4764 querimo-

402 4770 546 4825 nias.
582 4769 739 4836 Quod
770 4772 817 4827 si
845 4788 943 4843 per
1001 4774 1397 4845 philosophiam
1440 4797 1561 4851 quae
1598 4783 1688 4838 hic
1726 4786 1977 4855 sejuncta

2087 4170 2196 4215 νως
2229 4152 2594 4223 ἡγαπηκότων
2620 4190 2637 4215 ,
2686 4153 2947 4221 ἐμιμήσω
2985 4151 3084 4215 τὰς
3118 4150 3415 4220 χελιδόνας,
3448 4152 3507 4203 αἶ
3551 4154 3673 4211 ταῖς

2082 4243 2191 4297 τῶν
2214 4242 2514 4315 ἀνθρώπων
2543 4237 2656 4296 οἷον
2682 4242 2887 4311 φιλίαις
2912 4240 3262 4305 ἐνοικίζονται
3293 4241 3392 4309 μὲν
3417 4241 3559 4309 μετά
3577 4241 3669 4293 τοῦ

2082 4331 2436 4401 φθέγγεσθαι.
2480 4331 2764 4387 σιωπῶσαι
2805 4332 2863 4386 δὲ
2888 4330 3266 4396 ἐξοικίζονται.
3311 4331 3503 4385 Ταῦτα
3532 4332 3669 4400 πρὸς

2081 4421 2369 4493 ἄνθρωπον
2399 4422 2501 4489 ἔτι,
2547 4422 2641 4476 καὶ
2670 4421 2995 4493 ἀνθρωπικά
3037 4422 3106 4476 τὰ
3127 4421 3472 4493 ἐγκλήματα.
3509 4423 3573 4475 Εἰ
3608 4422 3665 4475 δὲ

2081 4514 2296 4585 ἦνωσας
2330 4513 2419 4568 διὰ
2448 4513 2763 4583 φιλοσοφίας
2790 4514 2857 4567 τά
2883 4512 3049 4584 δεῦρο
3077 4512 3364 4576 διεστῶτα,
3389 4513 3486 4566 καὶ
3512 4514 3669 4581 φίλον

2084 4606 2183 4675 μὲν
2215 4606 2277 4659 τὸ
2308 4605 2492 4670 καλὸν,
2523 4604 2684 4659 καλὸν
2712 4603 2770 4656 δὲ
2800 4602 2863 4656 τὸ
2882 4603 3014 4657 αὑτό
3036 4620 3050 4633 ·
3102 4602 3261 4656 τοῦτο
3286 4601 3345 4656 δὲ
3377 4601 3437 4653 ἓν
3472 4601 3534 4654 ὃν
3570 4600 3668 4653 τοῦ

2080 4695 2172 4749 νοῦ
2200 4696 2311 4767 [γρ.
2337 4695 2453 4768 νῦν]
2474 4696 2720 4764 λέγοντος
2740 4695 2980 4765 ήκουσας
3008 4694 3121 4764 (75)
3148 4710 3162 4723 '
3196 4692 3381 4746 οὐκέτι
3404 4694 3670 4762 κρίνομεν

2081 4787 2379 4860 ὑπεροψίαν
2417 4787 2517 4857 τὴν
2554 4786 2689 4855 πρὸς
2713 4786 2861 4855 ἡμᾶς
2894 4784 3123 4854 σιωπὴν,
3157 4783 3293 4837 ἀλλὰ
3323 4783 3666 4853 συνηδόμεθα

407 4860 907 4921 sunt,consociasti
931 4880 946 4928 ;
974 4872 1027 4917 et
1067 4865 1299 4919 amicum
1332 4867 1385 4923 id
1410 4884 1555 4945 ‘esse
1601 4887 1795 4941 omne,
1832 4877 1976 4945 quod

2087 4876 2463 4946 φιλοσοφοῦντι
2487 4917 2501 4942 ,
2552 4876 2644 4929 καὶ
2678 4874 3102 4947 παραιτουμένῳ
3139 4874 3237 4943 μὲν
3265 4872 3327 4925 τὸ
3360 4889 3666 4943 μικροπρε-

405 4944 695 5002 honestum
716 4955 822 5015 est,
854 4948 1016 5020 275
1048 4960 1101 5005 et
1131 4938 1421 5009 honestum
1455 4958 1596 5013 idem
1627 4976 1750 5016 esse
1770 4937 1790 5027 ;⁷
1816 4937 1976 5034 atque

2087 4937 2369 5033 πεύεσθαι,
2412 4937 2623 5021 συνόντι
2654 4967 2712 5020 δὲ
2736 4937 2816 5038 τῷ
2852 4937 3003 5037 παρά
3032 4937 3114 5018 col.
3139 4937 3431 5034 κρείττονι,
3459 4937 3586 5027 τοῖς.
3605 4966 3668 5016 ἐν

405 5047 705 5108 utrumque
765 5055 935 5094 unum
998 5057 1142 5107 esse,
1209 5045 1278 5099 de
1331 5047 1546 5105 dicente
1587 5050 1735 5107 istud
1793 5065 1977 5113 mente

404 5129 717 5197 percepisti,
738 5138 891 5185 tuum
918 5131 1050 5187 illud
1081 5133 1149 5187 ad
1181 5150 1283 5191 nos
1312 5138 1588 5195 silentium
1604 5158 1713 5199 non
1738 5148 1974 5217 amplius

2082 5061 2215 5130 ἡμῖν
2245 5060 2567 5130 κρείττοσιν.
2619 5058 2751 5128 Είης
2776 5056 3035 5121 τοιοῦτος,
3069 5054 3279 5125 ἀνδρῶν
3314 5055 3528 5125 ἄριστε,
3570 5056 3665 5106 καὶ

2082 5152 2207 5219 ἐμοὶ
2236 5151 2529 5222 τριπόθητε
2557 5151 2727 5213 ὅντως
2762 5148 2979 5217 ἀδελφέ.

404 5221 677 5292 superbiae
705 5224 911 5291 tribuo,
964 5226 1061 5283 sed
1092 5228 1509 5303 philosOpbanti
1548 5235 1647 5293 tibi
1696 5241 1979 5308 gratulor,
2020 5255 2077 5299 et
2142 5221 2376 5315 objectis
2431 5244 2488 5300 in
2545 5245 2712 5301 rebus
2760 5244 2967 5299 haerere
3040 5241 3401 5309 detrectanti;
3475 5241 3661 5312 idque,

1630 5386 1810 5444 DION.
1852 5391 2126 5451 PETAVll
2160 5395 2392 5452 NOTAE.

474 5521 734 5610 (_75A)_‘To§v
756 5523 869 5610 rei}
884 5524 1188 5610 λόγυγτος
1215 5529 1503 5610 ἠκουςας.
1542 5535 1813 5610 Suspecta
1842 5543 1973 5599 mihi

406 5601 511 5681 39.5
533 5592 1173 5681 E.§E.".2‘?.:§S.‘9"¢.l°*§°
1205 5592 1325 5678 eius
1355 5592 1668 5681 9€éiw6°<5
1694 5592 1973 5681 νὲΓτέὸὶῆῖ

406 5661 500 5741 τοῦ
533 5661 966 5741 rescribendum,
1023 5664 1139 5741 [loc
1164 5661 1317 5741 enim
1358 5661 1518 5741 istius
1557 5661 1973 5741 po’etmcarmen

406 5729 512 5790 ut,
541 5730 687 5796 quod
728 5729 912 5786 Musas
939 5731 995 5786 in
1035 5730 1179 5790 Pelei
1215 5738 1431 5807 nuptiis
1463 5729 1734 5801 cecinisse
1768 5729 1865 5815 ait,

2084 5550 2243 5603 Ὄττι
2277 5550 2469 5604 καλὸν
2495 5552 2677 5619 φίλον
2696 5551 2849 5619 ἐστὶ,
2871 5550 2935 5605 τὸ
2960 5551 3013 5605 δ’
3043 5553 3117 5606 οὑ
3145 5551 3341 5606 καλὸν
3473 5553 3661 5673 φίλων

3446 5636 3527 5673 στ
3569 5635 3583 5648 ·

2154 5685 2323 5742 Τοῦτ’
2352 5687 2498 5756 ἔπος
2522 5688 2833 5743 ἀθανάτων
2856 5685 3001 5759 ἦλθε
3034 5688 3132 5744 διὰ
3151 5685 3491 5759 στομάτων.
