3838 6236
218 357 242 413 I
252 356 359 414 529

1360 370 1741 431 EPISTOLIE.
1771 406 1842 419 -
1874 376 2091 437 EPIST.
2126 378 2413 439 CXXXIX.

3333 376 3469 432 I530

214 472 361 544 quod
394 472 446 525 in
482 479 536 527 te
590 477 1105 543 prrestantissimum
1139 488 1245 543 est,
1280 483 1332 537 iu
1374 486 1463 549 iis,
1495 504 1619 559 qua:
1665 493 1809 560 apud
1885 511 1993 552 nos
2059 496 2515 567 praestantissima
2593 500 2747 560 sunt,
2810 493 3126 566 occupanti.
3184 492 3468 563 Ejusmodi

216 569 425 625 utinam
453 570 552 636 sis,
586 570 866 628 hominum
917 576 1143 646 optime,
1196 580 1601 656 plurimumque
1649 588 1783 644 mihi
1822 594 2062 662 expetite
2086 593 2296 651 fraterl

708 663 1061 723 ΕΠΙΣΤΟΛΗ
1118 670 1291 729 ΡΛΗ’.

857 756 941 825 Τῷ
972 761 1133 829 αὐτῷ

288 840 350 895 El
382 843 635 899 τοσοῦτόν
664 846 780 901 ἐστι
811 850 1034 922 κέντρον
1068 856 1288 921 πειθοῦς
1310 859 1367 911 ἐν
1391 862 1503 925 τοῖς
1530 861 1791 933 γράμμα-

219 944 333 981 σιν·
370 933 432 1023 ἐί
480 934 733 989 τοσοῦτον
767 940 823 991 αί
862 940 971 993 τῶν
1011 942 1158 1013 ἠθῶν
1210 947 1416 1011 είκόνες
1462 951 1561 1021 τῆς
1611 950 1791 1023 ζώσης

215 1020 540 1090 χηρεύουσαι
568 1029 912 1098 συμπαθείας
943 1034 1036 1086 καὶ
1059 1035 1279 1107 χάριτος
1297 1078 1312 1103 ,
1338 1020 1594 1112 θέλκτρον
1614 1020 1791 1095 ὲνιᾶσι

216 1114 329 1205 τοῖς
356 1114 841 1188 ἀναγινώσκουσιν,
871 1118 1014 1195 ἦπου
1045 1130 1277 1199 πρᾶγμα
1301 1130 1514 1202 ἄμαχον
1537 1132 1602 1188 ἂν
1622 1134 1707 1205 εἴη
1731 1135 1793 1187 τὸ

219 1204 657 1276 αὐτοπροσὼπως
690 1213 868 1267 αὐτῶν
900 1217 1304 1290 ὲπαφήσοισθαι.
1343 1224 1473 1293 Ἐμέ
1502 1225 1565 1293 γέ
1588 1244 1669 1279 τοι
1698 1204 1793 1279 καὶ

220 1295 408 1366 παρὼν
448 1300 544 1368 μὲν
573 1302 724 1372 ᾔρεις
750 1308 815 1377 τῇ
852 1308 1079 1381 γλυκείᾳ
1105 1313 1321 1384 Σειρῆνι
1352 1316 1460 1370 τῶν
1489 1317 1683 1386 λόγων.
1715 1320 1792 1373 Οὐ

222 1386 329 1478 μῂν
361 1389 710 1462 αἰσχυνθείην
755 1396 929 1468 ἀληθῆ
978 1399 1170 1468 λέγων,
1200 1405 1275 1466 ὡς
1305 1405 1466 1475 ἡδίων
1502 1406 1570 1460 ἂν
1601 1410 1634 1478 ἡ
1673 1407 1794 1461 δευ-

217 1476 350 1547 τέρα
393 1496 482 1548 μοι
523 1486 685 1555 πεῖρα
715 1487 941 1556 γένοιτο.
988 1495 1061 1546 Ού
1097 1496 1204 1568 γὰρ
1234 1495 1298 1549 ἂν
1338 1498 1545 1563 γένοιτο
1588 1476 1793 1569 ἀγαθοῦ

220 1570 521 1641 παρόντος,
571 1576 759 1651 ὥσπερ
802 1583 1066 1650 ἀπόντος,
1118 1590 1195 1658 τῷ
1246 1592 1633 1663 πεπειραμένῳ
1671 1611 1795 1647 συν-

219 1660 487 1734 αίσθησις.
512 1667 617 1721 Τοῦ
650 1671 748 1739 μὲν
773 1674 912 1747 γὰρ.
946 1678 977 1748 ἡ
1007 1679 1255 1750 συνέχεια
1288 1683 1387 1751 τῆς
1416 1660 1792 1751 ἀπολαύσεως,

219 1752 442 1808 κλέπτει
479 1760 577 1829 τῆς
608 1762 945 1836 εὐφροσύνης
986 1771 1084 1841 τὴν
1135 1772 1421 1842 αἴσθησιν·
1462 1778 1489 1829 ὁ
1523 1776 1600 1839 δὲ,
1653 1777 1796 1831 κατέι

221 1846 416 1937 μικρὸν
446 1852 734 1921 χωρισθεὶς
763 1857 871 1909 τῶν
909 1859 1112 1931 ἡδέων,
1159 1864 1320 1928 εὐθὺς
1352 1866 1463 1937 ἔχει
1503 1868 1796 1922 κεντοῦσαν

219 1934 284 1988 ὲκ
311 1939 652 2011 παραλλήλου
682 1946 781 2016 τὴν
826 1951 1049 2021 μνήμην
1068 1995 1083 2019 ,
1120 1955 1247 2007 οἴων
1284 1957 1391 2027 ἄρα
1424 1959 1591 2023 ὅντως
1620 1962 1797 2032 στερί-

219 2043 427 2120 σκεται.
468 2033 683 2100 Ἐλθοις
718 2034 831 2103 οὖν,
863 2042 1094 2115 φιλτάτη
1130 2048 1375 2119 κεφαλὴ,
1408 2051 1502 2104 καὶ
1544 2051 1793 2120 ἀλλήλοις
1830 2034 1872 2090 Β

218 2119 311 2171 ἐπὶ
347 2121 635 2197 φιλοσοφίᾳ
667 2133 1063 2203 συγγενοίμεθα
1086 2179 1101 2201 ,
1133 2141 1243 2200 τοῖς
1271 2140 1625 2212 ἐνηργμένοις
1659 2119 1792 2214 πρέ-

217 2225 386 2265 ποντα
407 2215 917 2287 ἐποικοδομοῦντες,
939 2226 1005 2278 ἵν’
1030 2230 1093 2280 ἐκ
1122 2230 1320 2284 τελέων
1349 2233 1532 2287 τέλεον
1584 2237 1792 2307 ἐκφανῇ

219 2302 432 2369 κάλλος,
457 2307 591 2362 ἀλλὰ
623 2311 699 2381 μὴ
730 2313 970 2370 κολοϐόν.
999 2319 1061 2372 El
1086 2321 1163 2384 δὲ,
1189 2323 1324 2392 ὅπερ
1354 2302 1687 2395 ἀπεύχεσθαι
1713 2302 1794 2379 δίζ

218 2410 391 2489 καιον,
426 2397 670 2469 ἀλλήλων
700 2402 1114 2481 διαμάρτοιμεν,
1146 2414 1303 2483 δῆλον
1334 2417 1410 2480 ὡς
1438 2420 1637 2489 τούμόν
1678 2424 1793 2474 ἐστι

216 2482 716 2580 τδ-βλαπτόμενον.
768 2497 859 2549 Σοὶ
914 2500 1016 2569 μὲν
1067 2482 1557 2580 γὰρεύτυχούσης
1608 2513 1795 2567 ἐνθάδε

218 2574 573 2651 πολυανδρίαν
618 2586 898 2654 παιδείας,
952 2593 1264 2650 συνέσονται
1309 2600 1495 2654 πολλοὶ
1538 2604 1795 2660 Συνεσίου

218 2670 310 2766 καὶ
342 2669 616 2766 βελτίους,
650 2678 745 2730 καὶ
774 2681 970 2749 ὅμοιοι.
1012 2685 1073 2737 Ἡ
1106 2687 1164 2740 δὲ
1194 2692 1416 2759 πατρὶς,
1446 2693 1529 2747 ὅτι
1561 2697 1661 2766 μὲν
1698 2717 1800 2753 πα-

216 2763 355 2831 τρὶς.
389 2764 512 2834 ἐμοὶ
556 2767 757 2838 τίμιον.
790 2771 933 2843 Πρὸς
976 2776 1034 2829 δὲ
1074 2779 1414 2853 φιλοσοφίαν.
1446 2763 1677 2843 οὐκ-οἷδ’
1710 2793 1799 2845 ὃν-

215 2868 336 2905 τινα
379 2856 581 2927 τρόπον
633 2861 1061 2935 ἀπεσκληκότως
1112 2868 1245 2940 ἔχει.
1310 2875 1499 2930 Ἔστιν
1548 2877 1641 2934 οῦν
1696 2884 1798 2937 οὐκ

216 2943 369 3043 ἀδεὲς
408 2948 693 3043 ἀϐοηθήτῳ
728 2954 910 3022 μένειν
934 2997 949 3021 ,
986 2959 1086 3012 οὐκ
1126 2960 1276 3024 ὄντος
1309 2966 1402 3019 τοῦ
1435 2973 1805 3043 συγκορυϐαν-

216 3036 460 3103 τιῶντος.
495 3042 557 3093 El
596 3043 653 3095 δὲ
683 3044 747 3115 δὴ
792 3047 888 3099 καὶ
915 3048 1138 3119 δοίημεν
1170 3048 1308 3107 εἷναί
1337 3075 1513 3123 τινας.

1816 688 1864 742 Α

2331 686 2672 744 EPISTOLA
2701 683 3039 744 CXXXVIII.

2442 797 2457 807 ·
2566 778 2779 833 Eidem.

1964 867 2020 923 Si
2058 878 2242 925 tantus
2272 870 2415 927 inest
2440 870 2625 926 suadae
2653 870 2709 925 in
2730 867 2930 925 litteris
2969 867 3195 922 aculeus
3237 882 3252 921 :
3295 867 3339 921 si
3373 881 3471 919 ex-

1894 975 2097 1029 pressae
2120 962 2286 1016 animi
2317 978 2381 1017 ac
2411 978 2629 1017 morum
2660 962 2944 1032 imagines,
2976 960 3081 1015 vivi
3118 973 3183 1012 ac
3247 957 3469 1028 spiran-

1894 1051 1965 1105 tis
1995 1051 2223 1107 aﬁ'ectus
2273 1053 2488 1119 inanes,
2553 1064 2607 1109 et
2660 1054 2871 1125 gratiae,
2933 1061 3117 1107 tantas
3160 1052 3468 1121 legentibus

1896 1143 2180 1199 illecebras
2242 1145 2566 1210 immittunt,
2602 1146 2853 1216 profecto
2896 1144 3115 1200 difficile
3176 1142 3467 1197 admodum

1896 1233 2059 1289 fuerit
2086 1249 2274 1290 coram
2315 1236 2425 1291 illis
2453 1250 2518 1290 ac
2549 1244 2871 1306 praesentem
2920 1234 3050 1289 frui.
3108 1234 3190 1289 Ille
3223 1234 3467 1303 quidem,

1896 1327 2091 1392 fateor,
2133 1337 2296 1383 antea
2327 1328 2659 1385 suavissima
2692 1329 2966 1383 sermonis
2999 1328 3075 1381 tui
3113 1328 3308 1381 Sirene
3334 1340 3472 1394 pra:-

1895 1435 2025 1476 sens
2078 1420 2359 1490 capiebas.
2406 1420 2778 1477 Nihilominus
2832 1437 2958 1477 vere
2998 1419 3102 1473 hoc
3169 1418 3474 1488 [medicare

1896 1530 2005 1569 non
2035 1517 2289 1581 verebor,
2318 1517 2551 1571 alterum
2625 1516 2759 1569 mihi
2816 1514 3255 1584 experimentum
3295 1510 3472 1563 multo

1892 1604 2194 1673 jucundius
2228 1605 2494 1660 futurum.
2530 1604 2647 1660 Non
2681 1606 2826 1659 enim
2859 1603 3146 1674 prreseutis
3178 1602 3326 1661 boni,
3351 1616 3475 1671 per-

1898 1697 2026 1751 inde
2056 1706 2115 1751 ut
2150 1697 2418 1761 absentis,
2458 1698 2506 1753 is
2534 1698 2627 1767 qui
2662 1698 2774 1767 jam
2812 1696 3152 1765 periclitatus
3207 1701 3288 1747 est
3350 1706 3475 1747 sen-

1898 1804 2021 1843 sum
2058 1789 2306 1860 percipit.
2348 1789 2484 1843 Nam
2547 1790 2625 1843 illi
2694 1788 2911 1843 fruendi
2983 1788 3099 1857 ipsa
3137 1785 3475 1857 perpetuitas

1898 1882 2191 1951 voluptatis
2214 1897 2440 1937 sensum
2470 1881 2685 1947 adimit,
2710 1880 2801 1935 hic
2834 1880 3097 1950 paulatim
3126 1879 3194 1932 ab
3215 1877 3478 1947 jucundis

1900 1975 2066 2029 rebus
2097 1973 2392 2039 abductus,
2428 1971 2616 2028 statim
2676 1972 2850 2025 altera
2881 1985 2947 2025 ex
3011 1976 3167 2038 parte
3217 1967 3476 2022 recorda-

1900 2068 2049 2121 tione
2078 2066 2183 2121 ista
2214 2066 2532 2122 stimulatur
2574 2078 2641 2120 ac
2678 2064 2963 2135 puugitur,
2995 2062 3199 2131 quibus
3254 2060 3473 2115 demum

1899 2158 2056 2213 bonis
2087 2158 2395 2217 fraudetur,
2435 2156 2656 2212 Utinam
2692 2171 2826 2225 ergo
2853 2156 2920 2209 ad
2960 2170 3063 2210 nos
3089 2153 3282 2208 venias
3337 2151 3478 2205 ami-

1898 2253 2184 2307 cissimum
2218 2261 2405 2322 caput,
2456 2257 2791 2317 mutuosque
2819 2249 2888 2304 de
2943 2244 3288 2318 philosophia
3343 2256 3479 2296 con-

1900 2356 2126 2412 gressus
2161 2356 2228 2395 ac
2260 2341 2535 2411 colloquia
2564 2340 2927 2402 celebremus,
2965 2343 3337 2391 consentanea
3383 2332 3475 2395 iis,

1900 2449 2021 2502 quae
2041 2432 2155 2501 jam
2190 2432 2445 2487 inchoata
2475 2440 2605 2487 sunt
2662 2437 2994 2491 astruentes,
3033 2433 3094 2480 ut
3123 2440 3188 2479 ex
3218 2424 3478 2494 perfectis

1903 2540 2013 2579 non
2052 2539 2269 2587 manca,
2308 2523 2404 2578 sed
2438 2523 2677 2593 perfecta
2710 2522 3075 2589 absolutaque
3124 2514 3479 2585 pulchritudo

1901 2617 2233 2695 consurgat!
2271 2615 2379 2671 Sed
2415 2616 2481 2680 si,
2515 2615 2663 2684 quod
2707 2614 2990 2683 deprecari
3051 2610 3248 2664 merito
3278 2621 3481 2661 conveo

1901 2710 2003 2774 nit,
2038 2715 2230 2763 mutuo
2257 2708 2537 2764 consortio
2566 2707 2868 2777 privemur,
2899 2704 3044 2758 haud
3074 2699 3481 2769 dubium,quin

1903 2801 1957 2854 iu
1995 2799 2268 2868 meipsum
2303 2796 2695 2853 detrimentum
2730 2810 2896 2851 omne
2927 2793 3161 2849 recidat.
3187 2789 3323 2844 Nam
3356 2788 3479 2851 tibi,

1908 2891 1954 2946 si
1989 2888 2785 2959 illicdiseiplinazmultitudine
2813 2888 3095 2942 hominum
3115 2881 3482 2943 eﬂloruerint,

1910 2983 2206 3035 multorum
2251 2980 2486 3051 Synesio
2530 2988 2587 3035 et
2621 2981 2912 3034 meliorum
2969 2985 3025 3031 et
3056 2974 3320 3032 similium
3375 2972 3486 3027 erit

1907 3074 2067 3140 copia
2123 3073 2452 3141 quibuscum
2508 3085 2863 3129 consuescas.
2913 3067 3043 3121 Mihi
3102 3081 3232 3120 vero
3282 3064 3483 3134 patria,

217 3141 488 3235 quatenus
510 3138 740 3235 quidem
777 3142 951 3209 patria
984 3153 1091 3210 est,
1125 3148 1283 3219 longe
1313 3158 1397 3207 est
1424 3156 1772 3219 charissima.
1806 3138 2074 3219 Caeterum
2101 3138 2292 3221 nescio
2335 3181 2445 3235 quo
2472 3173 2632 3234 pacto
2671 3164 2736 3217 ad
2765 3163 3167 3232 philosOphiam
3194 3157 3479 3213 obduruit.

218 3228 399 3327 Quare
452 3232 678 3288 minime
713 3242 889 3288 tutum
928 3244 1014 3293 est
1070 3241 1190 3297 sine
1244 3244 1480 3315 alicujus
1530 3254 1734 3305 auxilio
1770 3271 2092 3325 permanere
2116 3297 2132 3323 ,
2168 3259 2211 3313 si
2251 3274 2359 3311 non
2393 3258 2467 3312 sit
2499 3256 2596 3327 qui
2635 3255 2829 3311 iisdem
2876 3254 3045 3309 veluti
3105 3252 3482 3322 Corybantum

219 3323 393 3379 sacris
460 3326 719 3381 insaniat.
795 3334 975 3402 Atque
1007 3341 1216 3391 utesse
1248 3338 1463 3409 aliquos
1516 3343 1733 3411 demus,

290 3417 422 3485 Πῶς
458 3419 535 3473 ἂν
567 3421 747 3475 ἔπειτ’
783 3394 1072 3495 Ὀδυσῆος
1104 3427 1220 3497 ἐγὼ
1255 3394 1799 3506 θείοιοήλοιθῦίχλη

1981 3394 2086 3505 ῥιιὶ
2140 3436 2348 3491 tandem
2378 3453 2489 3492 esse
2545 3453 2731 3508 queam
2771 3434 2936 3488 divini
2987 3434 3179 3487 oblitus
3216 3430 3421 3501 Ulyssis
3445 3433 3472 3484 ?

221 3510 357 3581 πρὸς
386 3515 537 3567 ποῖον
562 3515 688 3569 ἄλλο
708 3520 931 3587 πυρεῖον
958 3523 1336 3592 παρατριὸεὶς,
1365 3528 1502 3595 μετὰ
1520 3529 1618 3598 τὴν
1649 3531 1799 3601 ἱεράν

225 3620 317 3656 σου
360 3604 558 3676 ψυχὴν,
595 3607 921 3680 ἀποτὲκοιμι
951 3613 1045 3665 τοῦ
1087 3614 1178 3667 νοῦ
1208 3617 1495 3682 φωτοειδὲς
1538 3619 1795 3690 ἐγγονον;

224 3695 321 3760 Τίς
369 3697 541 3762 οὕτως
588 3695 698 3763 οἷος
747 3703 992 3772 σφοδρῶς
1055 3706 1326 3777 σπινθῆρα
1376 3711 1797 3780 κεκρυμμένον,

225 3788 318 3840 καὶ
347 3788 647 3856 ἀγαπῶντα
678 3792 964 3848 λανθάνειν
1000 3801 1269 3866 μηχαναῖς
1304 3800 1543 3865 ἁπάσαις
1582 3805 1803 3858 ἐκκαλέ-

228 3880 447 3940 σασθαι.
492 3883 586 3935 καὶ
630 3883 847 3952 ἐξάψαι,
902 3886 996 3939 καὶ¹
1040 3887 1153 3959 πῦρ
1200 3888 1450 3961 λαμπρὸν
1496 3894 1799 3961 ἀναδεῖξαις

225 3971 358 4033 Θεὸς
385 3967 477 4025 οὖν
505 3974 708 4044 ἀμφοῖν
732 3975 932 4030 ἀποῦσι
972 3994 1029 4032 τε
1053 3980 1147 4032 καὶ
1168 3980 1384 4035 συνοῦσι
1415 3986 1636 4057 παρείη·
1667 3988 1801 4041 Θεοῦ

225 4063 284 4115 δὲ
307 4064 590 4133 παρόντος,
632 4068 779 4120 ἆποιν
826 4068 1029 4140 ἄπορον
1077 4072 1332 4143 πόριμον.
1392 4073 1661 4146 Ἐρῤωσο,
1710 4080 1804 4132 καὶ

229 4154 525 4224 φιλοσόφει,
558 4159 735 4212 καὶτὸ
766 4161 825 4213 ὲν
854 4161 1036 4233 σαυτῷ
1074 4163 1213 4217 θεῖον
1243 4164 1413 4233 ἄναγε
1446 4168 1539 4221 ἐπὶ
1567 4169 1628 4221 τὸ
1660 4188 1805 4241 πρω-

228 4246 444 4312 τόγονον
488 4248 613 4319 [γρ.
660 4252 959 4324 πρόγονον]
1020 4252 1182 4310 θεῖον.
1233 4257 1414 4309 Καλὸν
1464 4259 1568 4312 ἀνὰ
1624 4263 1805 4315 πᾶσαν

231 4334 370 4404 ἐμὴν
397 4337 703 4407 ἐπιστολὴν,
742 4341 900 4393 τοῦτο
943 4343 1071 4413 παρ’
1104 4343 1239 4413 ἐμοῦ
1279 4347 1345 4415 τῇ
1377 4346 1535 4418 τιμία
1568 4348 1661 4401 σοῦ
1698 4350 1807 4404 δια-

233 4424 379 4479 θέσει
410 4427 607 4496 λέγειν,
637 4430 665 4482 ὃ
697 4448 828 4498 φασι
856 4432 948 4486 τὸν
977 4434 1243 4489 Πλωτῖνον
1268 4439 1441 4490 εἰπεῖν
1467 4441 1580 4503 τοῖς
1624 4459 1800 4513 παρα-

230 4518 565 4587 γενομένοις,
603 4522 900 4577 ἀναλύοντα
926 4525 1025 4594 τὴν
1054 4525 1231 4597 ψυχὴν
1265 4528 1373 4581 ἀπὸ
1405 4529 1498 4583 τοῦ
1530 4518 1802 4601 σώματος.

1907 3531 2128 3583 cuinam
2182 3528 2341 3581 alteri
2402 3527 2636 3596 igniario
2688 3527 3146 3589 affricatus,cum
3182 3524 3251 3577 ab
3313 3537 3475 3577 sacro

1906 3630 2000 3674 tuo
2026 3621 2209 3674 animo
2269 3619 2603 3685 discessero,
2664 3618 2908 3673 lucidum
2979 3632 3043 3670 ac
3126 3614 3481 3686 splendidum

1905 3713 2107 3768 mentis
2134 3711 2306 3767 fetum
2352 3710 2635 3782 parerem?
2667 3709 2804 3776 Quis
2827 3716 2939 3765 tam
2971 3708 3324 3762 vehementer
3377 3704 3480 3758 ab-

1902 3804 2088 3865 ditam,
2122 3817 2186 3858 ac
2222 3802 2445 3857 latebris
2468 3800 2794 3871 gaudentem
2848 3800 3145 3855 scintillam
3201 3796 3486 3852 machinis;

1904 3896 2162 3949 omnibus
2220 3895 2394 3963 possit
2440 3893 2686 3947 elicere?
2748 3892 2874 3961 quis
2926 3889 3300 3947 succendere?
3360 3890 3499 3956 quis-

1905 3987 2242 4040 luculentum
2301 3999 2367 4039 ac
2420 3985 2709 4054 copiosum
2765 3984 2946 4054 ignem
2982 3981 3229 4037 ellicere?
3295 3980 3493 4049 Itaque

1905 4078 2022 4133 sive
2052 4077 2399 4140 absentibus,
2441 4077 2556 4131 sive
2605 4091 2716 4131 una
2775 4074 3097 4145 degentibus
3127 4072 3286 4127 nobis
3347 4069 3503 4125 Deus.

1906 4185 2125 4239 semper
2158 4169 2341 4237 adsit;
2391 4176 2663 4239 praesente
2688 4183 2820 4223 vero
2858 4166 2991 4233 Deo,
3028 4165 3192 4220 etiam
3222 4163 3366 4233 quod
3399 4164 3487 4216 iu-

1905 4261 2226 4316 extricabile
2255 4272 2358 4325 est,
2384 4262 2646 4330 explicari
2672 4260 2832 4315 facile
2863 4266 3067 4329 potest.
3101 4255 3257 4319 Vale,
3285 4264 3340 4309 et
3368 4254 3489 4324 phi~

1909 4354 2388 4424 losophare,276
2403 4370 2464 4407 ac
2481 4353 2625 4424 quod
2649 4352 2898 4407 divinum
2916 4351 2973 4405 in
2991 4358 3043 4405 te
3059 4356 3144 4404 est
3155 4346 3223 4403 ad
3240 4348 3493 4401 divinum

1909 4445 2041 4500 illud
2081 4444 2216 4500 eﬂ‘er
2267 4446 2654 4516 primigenium
2712 4453 2769 4499 et
2800 4441 3271 4513 antiquissimum.
3332 4436 3490 4506 Opti-

1915 4552 2063 4591 mum
2098 4544 2183 4593 est
2211 4537 2469 4592 omnibus
2499 4536 2637 4591 meis
2676 4536 2733 4589 in
2770 4535 2968 4591 litteris
3031 4533 3264 4603 egregiae
3320 4529 3495 4585 animi

236 4613 311 4666 lui
347 4613 617 4670 alfectioni
656 4617 801 4672 istud
860 4634 889 4672 a
926 4636 1010 4675 me
1047 4622 1177 4686 dici,
1241 4624 1391 4693 quod
1432 4627 1497 4679 ad
1531 4644 1650 4692 eos,
1706 4631 1799 4699 qui
1835 4631 2089 4700 aderant,
2146 4633 2424 4689 Plotinum
2488 4646 2787 4703 usurpasse
2822 4632 3025 4690 ferunt.
3059 4644 3185 4684 cum
3236 4641 3266 4681 a
3301 4641 3496 4698 corpus

235 4721 293 4761 le
316 4707 559 4762 animum
601 4720 873 4765 avocaret.

736 4803 1083 4859 ΕΠΙΣΤΟΛΗ
1122 4809 1272 4862 ΡΛΘ¹
1284 4817 1312 4841 ’

868 4895 950 4961 Τῷ
992 4899 1170 4965 αὐτῷ.

307 4982 427 5035 Τῶν
462 4982 682 5054 ἐρώτων
717 4986 767 5039 οἱ
816 4988 914 5056 μὲν
944 4993 1116 5060 χαμαὶ
1150 4994 1452 5063 ἐρχομένοις
1480 4997 1573 5051 καὶ
1603 4996 1816 5068 ἀνθρω-

240 5073 407 5137 πικὰς
437 5075 534 5139 τὰς
562 5078 736 5148 ἀρχὰς
762 5079 996 5150 ἔχοντες,
1014 5084 1270 5153 ἀπεχθεῖς
1290 5085 1347 5138 τέ
1374 5088 1500 5153 εἰσι,
1521 5090 1614 5143 καὶ
1632 5090 1813 5161 ἐξίτη-

237 5164 339 5229 λοι,
380 5169 446 5234 τῇ
491 5171 764 5241 παρουσίᾳ
803 5172 938 5243 μόνῃ
973 5175 1067 5227 καὶ
1113 5175 1265 5245 μόλις
1305 5180 1674 5251 μετρούμενοι.
1717 5179 1814 5246 υἵς

237 5256 296 5309 δὲ
342 5258 370 5309 ὁ
406 5258 647 5326 ἐφεστὼς
680 5261 935 5331 βραϐεύει
984 5265 1152 5332 Θεὸς,
1191 5267 1334 5322 κατὰ
1380 5271 1481 5340 τὴν
1524 5271 1814 5325 θεσπεσίαν

243 5346 528 5410 Πλάτωνος
558 5351 761 5420 φωνὴν,
797 5353 1061 5423 συντήξας
1091 5358 1159 5426 τῇ
1191 5356 1376 5429 τέχνῃ,
1402 5358 1496 5410 καὶ
1527 5359 1624 5413 ἕνα
1649 5361 1817 5429 ἄμφω

243 5442 476 5511 ποιήσας
506 5441 630 5505 τοὺς
662 5443 1024 5513 ἀντερῶντας,
1052 5439 1199 5502 οὗτοι
1231 5449 1326 5503 καὶ
1352 5450 1565 5521 χρόνου,
1602 5452 1696 5505 καὶ
1722 5451 1816 5504 τό-

246 5547 348 5582 που
397 5530 558 5598 φύσιν
594 5531 927 5603 ἐλέγχουσιν.
966 5536 1131 5592 Οὐδὲν
1175 5538 1283 5608 γὰρ
1317 5538 1571 5609 ἐμποδὼν
1617 5541 1817 5612 ψυχαῖς

248 5620 560 5689 ἐφιεμέναις
584 5621 829 5692 ἀλλήλων
857 5625 1120 5697 ἀρρήτοις
1147 5628 1383 5691 συνόδοις
1413 5628 1580 5700 ὁμόσε
1619 5634 1818 5701 χωρεῖν

251 5711 341 5763 καὶ
392 5712 820 5782 συμπλέκεσθαι.
875 5717 1114 5772 Ἐκεῖθέν
1146 5718 1308 5773 ποθεν
1352 5719 1618 5791 ἠρτῆσθαι
1649 5720 1817 5773 δεῖτὸ

253 5801 548 5877 ἡμέτερον,
600 5805 650 5859 εἰ
687 5806 763 5878 μὴ
807 5806 876 5861 τὰ
920 5808 1234 5879 φιλοσοφίας
1276 5813 1499 5882 τροφεῖα
1531 5810 1816 5885 μέλλοιμεν

2365 4816 2702 4874 EPISTOLA
2738 4816 3036 4875 CXXXIX.

2607 4909 2814 4965 Eidem.

1987 4997 2047 5053 In
2081 5013 2328 5055 amorum
2368 5015 2567 5072 genere
2606 5001 2700 5071 qui
2728 5017 2796 5056 ex
2824 5000 3146 5063 humilibus,
3198 5000 3487 5056 humanis-

1918 5105 2023 5160 que
2048 5092 2232 5148 causis
2259 5094 2592 5159 excitantur,
2625 5093 2802 5148 odiosi
2830 5103 2980 5157 sunt,
3006 5101 3060 5148 et
3092 5093 3491 5155 exolesceutcs,

1920 5199 2058 5253 quos
2106 5184 2222 5239 sola
2258 5186 2566 5253 praesentia,
2599 5198 2700 5240 nec
2752 5184 2860 5239 nisi
2893 5184 3206 5250 difﬁculter,
3257 5185 3495 5239 nietiuu-

1921 5284 2028 5329 tur.
2060 5274 2213 5341 Quos
2252 5284 2433 5331 autem
2484 5276 2755 5331 assistens
2785 5274 2998 5332 Numen
3042 5276 3379 5339 moderatur,
3428 5289 3494 5329 ac

1920 5365 2081 5434 regit,
2108 5363 2266 5433 juxta
2297 5362 2546 5418 divinum
2581 5363 2828 5419 Platonis
2856 5365 3163 5430 oraculum,
3196 5364 3340 5417 miro
3357 5378 3494 5432 quo-

1919 5448 2046 5503 dam
2079 5449 2318 5504 artiticio
2345 5450 2677 5520 colliquans,
2719 5466 3000 5520 unumque
3022 5467 3053 5506 e
3089 5452 3309 5506 duobus
3368 5467 3493 5504 mu-

1920 5546 2017 5592 tuo
2039 5552 2163 5595 sese
2192 5547 2440 5596 amantes
2472 5538 2757 5595 efﬁciens:
2791 5539 3107 5595 istiusmodi
3138 5546 3194 5593 et
3226 5544 3492 5607 temporis

1920 5635 1976 5681 et
2033 5626 2137 5683 loci
2195 5641 2450 5685 naturam
2513 5631 2843 5685 imbecillam
2901 5630 3279 5699 comprobant.
3342 5628 3493 5686 Nihil

1917 5716 2064 5772 enim
2099 5718 2319 5777 obstare
2350 5729 2529 5791 potest
2560 5723 2762 5777 animis
2801 5722 2886 5777 sui
2919 5720 3151 5775 invicem
3212 5719 3494 5775 desiderio

1923 5810 2307 5881 ﬂagrantibus,
2339 5815 2635 5885 quominus
2700 5813 2930 5871 secretis
2969 5811 3300 5883 quibusdam
3355 5826 3494 5867 cou-
