3838 6236
415 347 548 406 1⁵31

416 571 547 628 Inde
574 573 832 628 nimirum
863 576 1120 633 alicunde
1164 577 1474 635 devinctam
1535 599 1662 639 esse
1697 587 1999 642 necessitu-

410 663 598 718 dinem
633 673 884 720 nostram
910 677 1152 737 Oportet,
1184 667 1232 725 si
1260 670 1400 727 nihil
1444 674 1808 746 philosOphiaa
1865 677 2000 734 edu-

407 757 628 812 ratione
655 756 937 830 indignum
966 762 1200 818 velimus
1216 763 1526 832 admittere,
1543 769 1800 824 sensibus
1823 769 1995 838 afﬁxi,

408 1022 579 1089 Igitur
654 1026 982 1094 quiritaris?
1065 1033 1192 1102 quid
1261 1034 1473 1091 litteras
1548 1044 1674 1094 tuas
1736 1038 1994 1111 lacrymis

407 1116 722 1187 respergis?
790 1117 847 1173 Si
904 1122 1049 1175 enim
1112 1126 1286 1178 nostri
1357 1129 1839 1186 commiseratione
1896 1132 1994 1187 ad-

407 1205 610 1260 ductus
677 1207 730 1262 id
781 1207 938 1277 facis,
989 1214 1138 1282 quod
1197 1217 1439 1270 nondum
1497 1219 1989 1290 philosopbamur;

410 1296 715 1364 praesertim
774 1315 899 1354 cum
976 1302 1028 1356 id
1097 1317 1258 1374 agere
1330 1307 1637 1375 videamur,
1705 1320 1762 1366 et
1826 1314 1993 1384 proli-

404 1393 656 1444 tcamur:
694 1405 822 1446 vere
878 1405 909 1445 a
949 1400 1003 1446 te
1053 1394 1336 1465 deplorari
1384 1399 1530 1454 istud
1575 1417 1840 1472 agnosco.
1890 1403 1988 1459 Sin

410 1478 536 1534 ideo
591 1485 974 1553 conquereris,
1025 1489 1176 1556 quod
1238 1489 1597 1548 familiaritati
1647 1503 1852 1552 nostra:
1890 1514 1988 1568 pa-

408 1584 531 1623 rum
565 1585 722 1641 aequa
757 1589 881 1632 sors
909 1576 1169 1646 injuriam
1226 1580 1418 1636 fecerit
1475 1583 1550 1654 (id
1579 1585 1728 1640 enim
1785 1588 1989 1645 litteris

407 1662 518 1716 tuis
552 1664 691 1720 velle
719 1665 816 1720 tibi
840 1669 995 1726 visus
1025 1669 1135 1740 es),
1163 1673 1430 1728 muliebre
1460 1690 1616 1740 sane,
1651 1692 1718 1734 ac
1772 1681 1990 1748 puerile

403 1765 512 1820 est,
551 1772 737 1813 amare
771 1759 897 1825 ista,
937 1760 991 1816 in
1025 1762 1228 1832 quibus
1276 1767 1633 1823 consiliorum
1668 1778 1983 1828 nostrorum

409 1847 610 1902 tmibus
640 1849 864 1905 obstare
891 1865 1056 1908 casus
1085 1855 1309 1924 aliquis,
1335 1872 1400 1911 ac
1424 1858 1742 1916 disturbare
1787 1865 1980 1933 possit.
2016 1837 2058 1892 Β

408 1938 520 2009 Ego
551 1957 678 1996 vero
709 1958 926 1998 sacrum
959 1946 1092 2001 illud
1124 1958 1309 2019 caput,
1339 1949 1734 2011 Herculianum
1757 1973 1983 2014 sursum

404 2033 653 2100 aspicere
680 2035 898 2101 vellem,
918 2046 1204 2111 totumque
1230 2043 1282 2096 in
1311 2060 1496 2100 rerum
1518 2051 1986 2120 contemplatione

402 2139 466 2177 ac
498 2125 810 2181 mortalium
843 2130 1108 2195 omnium,
1141 2141 1306 2204 atque
1335 2137 1670 2194 caducorum
1696 2142 1986 2214 principiis

401 2215 822 2274 considerandis
853 2234 977 2276 esse
1019 2223 1295 2292 defixum;
1360 2229 1597 2286 virtutes
1626 2246 1722 2287 eas
1769 2233 1985 2301 jamdiu

403 2325 850 2381 supergressum,
891 2330 1014 2386 quae
1042 2317 1111 2372 ad
1141 2319 1329 2374 infima
1357 2337 1641 2389 conversae
1656 2341 1744 2382 res
1765 2337 1986 2382 nostras

399 2400 733 2471 gubernant.
766 2403 843 2458 Ac
864 2414 1122 2478 tanquam
1149 2410 1198 2465 is
1227 2411 1502 2481 ejusmodi
1534 2415 1626 2482 sit,
1654 2417 1749 2483 ita,
1773 2433 1897 2472 cum
1917 2420 1985 2474 ad

400 2508 524 2546 cum
567 2496 772 2561 scribo,
802 2499 1156 2558 salutationis
1186 2503 1290 2559 hac
1323 2514 1450 2560 utor
1498 2505 1755 2575 formula,
1805 2529 1987 2581 sapere

401 2590 646 2652 multum,
689 2605 796 2644 non
823 2592 1046 2658 salvere,
1072 2603 1169 2650 aut
1196 2597 1424 2666 feliciter
1448 2616 1621 2670 agere,
1657 2606 1805 2672 quod
1837 2605 1988 2659 vidc-

400 2683 492 2730 tur
523 2677 882 2736 moderatius.
926 2680 1210 2751 Siquidem
1248 2688 1560 2744 actionibus
1595 2693 1802 2747 nostris
1846 2693 1986 2747 infe-

399 2767 516 2822 rior
548 2785 704 2825 meus
734 2771 1013 2842 praesidet,
1045 2791 1212 2846 quam
1227 2778 1456 2834 minime
1477 2782 1619 2851 apud
1648 2793 1702 2838 te
1731 2784 1984 2840 obrutam

398 2883 464 2922 ac
486 2866 762 2923 defossam
780 2882 905 2924 esse
932 2868 1244 2939 cupiebam.
1263 2870 1380 2938 Qua
1397 2872 1467 2928 de
1497 2890 1556 2929 re
1581 2878 1985 2946 quamplurima

399 2958 541 3028 apud
574 2964 629 3012 te
657 2957 873 3014 duabus
908 2958 1188 3028 prioribus
1219 2961 1471 3031 epistolis
1512 2962 1782 3030 disserui;
1844 2983 1980 3036 qua-

399 3065 522 3104 rum
576 3059 828 3104 neutram
894 3049 954 3114 ii,
991 3050 1192 3120 quibus
1257 3051 1533 3118 dederam,
1585 3056 1684 3110 tibi
1740 3057 1989 3116 reddide-

1473 365 1751 425 SYNESII
1788 369 2260 433 PTOLEMAIDIS
2291 379 2600 442 EPISCOPI

410 482 793 551 gressionibus
821 497 929 538 una
957 485 1634 560 conveniant,muluoque
1658 492 1984 562 jungantur.

416 571 545 596 μ.-
574 573 828 596 _,__=__,_
866 576 1040 596 _.,-_-_
1068 577 1112 596 .,
1173 577 1285 596 ,μ
1367 591 1405 596 -,
1900 587 1930 596 .,

2094 498 2409 569 αίσχύνειν,
2441 507 2695 578 αἴσθησιν
2733 509 3086 579 ἀγαπῶντες,
3121 518 3216 570 καὶ
3258 519 3388 573 ὅταν
3421 523 3578 595 αὐτὴ
3635 526 3715 596 μὴ
3785 563 3801 584 ο

2101 587 2208 642 ὑπὸ
2259 594 2528 662 σωμάτων
2573 597 2981 673 θυροκοπῆται,
3038 605 3214 682 ψυχῆς
3261 587 3580 682 παρουσίαν
3797 671 3802 696 ί

2099 683 2470 753 προσιέμενοι.
2509 688 2573 741 Τί
2606 684 2699 744 οὖν
2728 694 2941 765 ποτνιᾷ,
2967 695 3066 749 ’καὶ
3094 700 3214 761 ταῖς
3238 700 3559 765 ἐπιστολαῖς
3586 704 3706 756 τῶν

2098 770 2348 844 δακρύων
2376 779 2590 848 ἐγχεῖςς
2626 782 2688 835 Et
2728 783 2827 854 μὲν
2856 785 2964 857 γάρ
3000 789 3148 859 ἡμᾶς
3179 789 3366 858 ὲλεῶν,
3401 795 3488 847 ὅτι
3523 798 3704 866 μήπω

413 854 469 896 ut
507 859 634 898 cum
671 845 774 916 ipsi
823 848 896 902 ab
930 850 1198 920 subjectis
1229 854 1558 924 corporibus
1612 874 1720 913 non
1760 860 1984 928 pulsan-

2577 845 2584 847 .
2728 845 2742 854 .
2866 845 2943 857 ..
3020 845 3052 859 ..
3128 845 3145 854 -
3351 845 3366 858 .
3410 845 3695 866 HT“.--—

2099 864 2516 940 φιλοσοφοῢμεν,
2562 875 2659 927 καὶ
2703 875 2876 930 ταῦτα
2909 879 3221 949 δοκοῦντες,
3274 887 3369 939 καὶ
3411 887 3695 956 λέγοντες,

411 938 524 995 tur,
591 935 901 991 animorum
967 954 1300 1011 respuamus
1365 947 1737 1015 prasentiam.
1788 949 1984 1021 Ecquid

411 1022 579 1050 I..:l.._
657 1026 938 1050 -..ε-ε.-..ε-
958 1030 982 1050 ο
1075 1048 1114 1050 ᾼν
1141 1033 1153 1050 9
1179 1033 1192 1050 ι
1263 1034 1339 1050 ια-.
1550 1044 1562 1050 -
1736 1038 1751 1050 ι
1949 1043 1959 1050 .

2097 935 2444 1026 ἑπιγινώσκῶ
2479 961 2572 1016 τοῦ
2607 965 2804 1038 θρήνου
2837 971 2937 1040 τὴν
2970 935 3243 1044 ἀλήθειάν.
3276 935 3567 1033 viz—itaita;
3591 935 3694 1050 τὴῖ

2099 1051 2384 1105 συνουσίαν
2415 1053 2573 1124 ἡμῶν
2615 1057 2873 1128 ἠδίκησεν
2914 1062 3184 1134 ἀγνώμων
3220 1067 3253 1136 ἡ
3288 1067 3424 1137 τύχη
3446 1084 3462 1097 ο
3501 1068 3690 1140 (τοῦτο

2093 1140 2204 1212 γάρ
2235 1158 2316 1196 σοι
2349 1144 2457 1198 τῶν
2487 1147 2784 1203 ἐπιστολῶν
2815 1152 2876 1203 τὸ
2906 1152 3210 1226 βούλημασ)
3243 1157 3377 1228 θῆλυ
3419 1159 3519 1212 καὶ
3555 1178 3688 1212 παι-

2092 1229 2351 1302 δαριῶδες
2379 1236 2440 1288 τὸ
2467 1236 2641 1292 ταῦτα
2669 1241 2909 1314 ἀγαπᾷν,
2944 1245 3030 1314 ἐφ’
3060 1239 3134 1299 ὧν
3163 1247 3386 1302 δύναται
3418 1249 3685 1319 βλάπτειν

2091 1322 2120 1374 ὁ
2151 1322 2360 1394 δαίμων
2397 1327 2467 1381 τά
2515 1328 2644 1400 τέλη
2690 1331 2800 1384 τῶν
2841 1337 3234 1407 προαιρέσεων.
3299 1339 3440 1409 Ἐγὼ
3485 1342 3543 1394 δὲ
3581 1343 3684 1413 τὴν

2096 1415 2248 1487 ίεράν
2293 1419 2558 1491 κεφαλὴν,
2625 1423 3008 1494 Ἐρκουλιανὸν
3058 1429 3242 1498 ἠξίουν
3288 1432 3402 1486 ἄνω
3435 1433 3682 1503 βλέπειν,

2091 1508 2188 1560 καὶ
2215 1507 2334 1562 ὅλον
2359 1506 2497 1565 εἶναι
2520 1511 2724 1584 θεωρὸν
2747 1516 2852 1570 τῶν
2878 1517 3070 1585 ὄντων,
3093 1522 3188 1574 καὶ
3213 1522 3313 1592 τῆς
3332 1525 3440 1577 τῶν
3466 1525 3685 1596 θνητῶν

2089 1595 2267 1667 ἀρχῆς
2288 1598 2386 1663 τὰς
2409 1601 2610 1670 ἀρετὰς
2628 1603 2911 1668 διαϐάντα,
2935 1609 3028 1661 καὶ
3047 1610 3214 1664 πάλαι
3234 1612 3331 1675 τὰς
3351 1595 3684 1686 ἀπεστραμ-

2093 1686 2260 1756 μένας
2288 1691 2384 1743 καὶ
2409 1694 2719 1763 κοσμούσας
2740 1699 2809 1750 τά
2831 1699 3009 1771 δεῦρο.
3038 1702 3145 1754 Καὶ
3166 1702 3240 1765 ὼς
3263 1705 3400 1776 πρὸς
3431 1706 3683 1761 τοιοῦτόν

2092 1794 2182 1848 μοι
2214 1779 2315 1850 τῆς
2342 1784 2630 1856 ἐπιστολῆς
2669 1787 2732 1840 τὸ
2790 1791 3086 1862 πρόσρημα
3117 1793 3251 1863 (76)·
3283 1797 3484 1850 πολλὰ
3527 1815 3680 1866 φρο-

2087 1869 2246 1923 νεῖν’
2284 1872 2346 1924 οὐ
2387 1876 2653 1943 χαίρειν,
2688 1879 2809 1931 οὐδὲ
2847 1877 2916 1936 εὖ
2946 1883 3246 1951 πράττειν,
3276 1887 3338 1938 τὸ
3375 1888 3678 1958 μετριώτε-

2088 1977 2202 2031 ρον.
2257 1962 2570 2019 Ἐπιστατεῖ
2605 1967 2715 2038 γὰρ
2749 1971 2981 2041 πράξεσι
3014 1973 3138 2037 νοῦς
3179 1975 3440 2038 ἐλάττων,
3476 1978 3577 2047 οὐχ
3613 1977 3676 2030 ὃν

2085 2052 2271 2120 ἠξίουν
2302 2053 2682 2127 ἀνακεχῶσθαι
2711 2062 2860 2133 παρά
2889 2063 2994 2115 σοί.
3033 2065 3166 2136 Περὶ
3197 2059 3258 2119 οὗ
3293 2083 3374 2118 σοι
3407 2067 3504 2119 sui.
3531 2068 3676 2136 πάμ-

2086 2144 2258 2198 πολλα
2290 2145 2379 2201 διά
2403 2148 2496 2202 δύο
2519 2149 2628 2204 τῶν
2662 2153 2896 2224 πρώτων
2927 2155 3228 2209 ἐπιστολῶν
3253 2157 3554 2227 διελέχθην·
3592 2153 3668 2212 ὧν

2085 2235 2341 2308 οὐδεμίαν
2360 2241 2410 2292 οἱ
2427 2239 2683 2306 λαϐόντες
2704 2243 3113 2300 ὲπιδεδὼκασιν.
3131 2246 3283 2299 Ἐπεί
3304 2263 3386 2299 τοι
3412 2248 3667 2318 πέμπτην

2084 2328 2290 2399 ταύτην
2328 2331 2597 2402 ἐκπέμπω
2648 2333 2748 2404 τὴν
2796 2335 3106 2407 ἐπιστολήν.
3153 2337 3291 2389 Ἀλλ’
3322 2337 3540 2414 εἱθευμὴ
3573 2341 3670 2392 καὶ

2084 2420 2292 2492 ταύτην
2322 2422 2518 2493 μάτην,
2542 2425 2750 2492 γένοιτο
2774 2427 2819 2478 δ’
2843 2426 2909 2479 ἂν
2933 2427 2994 2480 οὐ
3026 2428 3224 2498 μάτην,
3249 2430 3298 2480 εἱ
3329 2430 3538 2499 πρῶτον
3565 2429 3668 2498 μὲν

2087 2512 2381 2584 ὲπιδοθείη.
2414 2515 2489 2568 Tb
2519 2514 2578 2569 δὲ
2609 2517 2701 2570 ἐπὶ
2733 2517 2940 2589 τούτῳ,
2970 2520 3064 2572 καὶ
3096 2519 3287 2572 τούτου
3321 2520 3666 2590 σεμνότερον,

2087 2604 2542 2676 κατανουθετήσει
2595 2623 2677 2670 σε,
2735 2609 2830 2660 καὶ
2876 2608 3284 2679 παιδαγωγήσει
3310 2649 3325 2672 ,
3360 2610 3452 2662 καὶ
3482 2609 3669 2660 πείσει

2090 2697 2401 2765 μεταθεῖναι
2438 2696 2537 2770 τὴν
2564 2697 2658 2752 τοῦ
2690 2698 2941 2770 σώματος
2989 2702 3140 2772 ἰσχὺν
3174 2702 3266 2754 ἐπὶ
3298 2701 3396 2770 τὴν
3426 2701 3524 2768 τῆς
3559 2699 3669 2768 ψυ-

2087 2789 2188 2858 χῆς
2217 2788 2456 2859 ἀνδρίαν,
2495 2790 2556 2842 οὐ
2586 2789 2684 2861 τὴν
2731 2792 2796 2844 ὲκ
2831 2792 2929 2860 τῆς
2970 2791 3212 2863 πρώτης,
3252 2792 3347 2844 καὶ
3383 2789 3668 2861 ιπεριγείου

2086 2881 2419 2952 τετρακτύος
2449 2882 2559 2935 τῶν
2600 2883 2845 2954 ἀρετῶν·
2882 2884 2997 2938 ἀλλ’
3037 2884 3131 2936 ἐπὶ
3160 2884 3259 2954 τὴν
3301 2882 3562 2950 ἀνάλογον
3606 2883 3665 2933 ὲν

2085 2971 2298 3042 τρίταις
2325 2971 2452 3043 [γρ.
2483 2971 2763 3045 τρίτταις]
2794 2991 2856 3026 τε
2893 2974 2987 3026 καὶ
3035 2974 3348 3044 τετάρταις.
3394 2971 3594 3040 “Att-ate
3619 2968 3668 3019 δ’

2087 3058 2181 3114 οὖν
2216 3061 2406 3132 αὐτῆς,
2445 3062 2574 3116 ὅταν
2611 3062 2776 3133 μηδὲν
2817 3063 2924 3116 τῶν
2967 3061 3319 3132 ἀνθρωπίνων
3359 3059 3666 3130 θαυμάζῃς.

398 3146 548 3193 runt.
582 3137 769 3208 Itaque
818 3138 1065 3209 quintam
1097 3140 1240 3194 hanc
1267 3141 1336 3195 ad
1382 3149 1436 3197 te
1468 3145 1656 3212 mitto;
1679 3155 1733 3202 et
1781 3149 1984 3204 utinam

2095 3151 2209 3206 Κᾶν
2245 3159 2411 3221 μήπω
2445 3168 2528 3205 σοι
2569 3152 2746 3223 σαφὴς
2773 3154 2807 3223 ἡ
2833 3150 3152 3227 διαίρεσιςῇ
3179 3153 3275 3205 τοῦ
3318 3151 3669 3221 λελεγμένου,

397 3247 466 3287 ne
479 3246 600 3286 eam
618 3230 841 3302 quidem
856 3230 1061 3286 frustra
1081 3233 1094 3285 !
1116 3233 1322 3289 frustra
1349 3245 1531 3291 autem
1552 3238 1718 3295 missa
1742 3241 1980 3297 nonfue-

397 3327 470 3377 rit
491 3323 677 3393 277,
696 3324 930 3393 primum
957 3325 1002 3379 si
1021 3325 1126 3379 erit
1145 3326 1373 3380 reddita.
1399 3326 1626 3393 Deinde,
1645 3331 1787 3398 quod
1808 3334 1978 3389 multo

395 3417 616 3484 gravius
639 3424 802 3485 atque
835 3416 1122 3486 antiquius
1155 3426 1260 3481 est,
1300 3418 1345 3472 si
1381 3428 1435 3475 te
1481 3423 1711 3478 monitis
1751 3423 1977 3480 institu-

397 3517 512 3562 tum
549 3515 714 3578 atque
739 3507 998 3563 edoctum
1030 3509 1326 3576 dimiserit,
1364 3514 1816 3584 persuaseritque
1849 3532 1976 3570 cor-

395 3600 546 3668 poris
571 3599 740 3654 robur
774 3600 843 3655 ad
874 3601 1044 3655 animi
1081 3600 1458 3658 fortitudinem
1487 3605 1831 3661 transferre:
1864 3623 1974 3662 non

394 3692 544 3745 illaut
573 3691 719 3755 dico,
751 3707 874 3762 quae
901 3691 957 3747 in
989 3693 1170 3761 primo
1196 3701 1252 3748 et
1295 3693 1486 3748 intimo
1535 3696 1801 3751 virtutum
1833 3713 1973 3768 qua-

394 3783 643 3838 ternario
669 3791 948 3848 censetur,
974 3782 1070 3839 sed
1096 3797 1214 3838 eam
1239 3786 1443 3854 potius,
1469 3802 1592 3855 qua
1621 3790 1976 3857 proportione

393 3876 633 3945 quadam
664 3874 721 3929 in
752 3875 950 3940 ternis,
990 3877 1390 3947 quaternisque
1441 3879 1758 3948 respondet.
1799 3880 1974 3946 Quam

393 3976 509 4022 tum
531 3966 750 4021 demum
782 3966 1052 4038 attigeris,
1073 3983 1196 4022 cum
1228 3969 1363 4022 nihil
1393 3968 1757 4024 humanarum
1793 3986 1972 4026 rerum

397 4060 786 4116 admiraberis.
816 4061 977 4128 Quod
1037 4061 1084 4116 si
1152 4061 1394 4115 nondum
1428 4063 1575 4115 illam
1642 4063 1785 4132 ejus,
1826 4063 1974 4133 quod

394 4153 559 4210 modo
583 4151 719 4219 dixi,
750 4152 1075 4207 divisionem
1114 4151 1397 4224 intelligis,
1430 4169 1552 4222 quae
1577 4154 1834 4210 videlicet
1879 4171 1976 4210 an-

2084 3243 2228 3306 τίνες
2278 3242 2740 3314 ἀρχεγονὼτεραι,
2790 3244 2886 3296 καὶ
2931 3245 3075 3307 τίνες
3119 3244 3176 3296 αἱ
3227 3242 3516 3296 πολλοσταὶ
3558 3242 3669 3295 τῶν

2085 3335 2298 3406 ἀρετῶν
2318 3351 2332 3365 °
2354 3336 2416 3388 τὸ
2437 3337 2529 3389 ἐπὶ
2559 3336 2748 3408 μηδενὶ
2777 3337 2981 3401 κλάειν,
3009 3335 3144 3389 ἀλλὰ
3168 3336 3385 3389 πάντων
3405 3335 3514 3387 τῶν
3536 3335 3673 3404 τῇδε

2084 3427 2142 3478 ἑν
2179 3426 2302 3497 δίκῃ
2334 3430 2715 3498 καταφρονεῖν,
2763 3429 2889 3482 ὅταν
2931 3444 3011 3480 σοι
3061 3425 3462 3497 παραγένηται,
3505 3424 3674 3478 τοῦτο

2085 3517 2229 3571 ἔστω
2276 3535 2358 3572 σοι
2407 3518 2610 3584 κανὼν,
2661 3520 2756 3572 καὶ
2805 3521 3086 3591 κριτήριον
3133 3517 3242 3570 τῶν
3289 3518 3520 3588 πρῶτων
3566 3517 3672 3587 τῆς

2083 3607 2337 3672 τεύξεως,
2373 3607 2460 3661 ἵνα
2492 3624 2575 3660 σοι
2608 3609 2703 3661 καὶ
2734 3608 2865 3676 παρ’
2898 3607 3054 3678 ήμῶν
3084 3606 3142 3658 τὸ
3167 3608 3368 3658 πολλὰ
3394 3603 3670 3674 φρονεῖν,

2083 3701 2140 3752 ὲν
2177 3700 2298 3761 ταῖς
2327 3698 2636 3762 ἐπιστολαῖς
2661 3699 2950 3771 ἐπανέλθῃ.
2996 3697 3352 3768 Ἐρῤωμένως
3379 3694 3668 3765 διαὸιῴηςν

2084 3794 2402 3865 φιλοσοφίας
2465 3793 2730 3864 εὐθυμίαν
2777 3791 3215 3862 πρυτανευούσης
3260 3789 3531 3859 ἀκύμονα,
3579 3789 3666 3841 δέ-

2084 3901 2258 3938 σποτα
2311 3883 2630 3953 ἀξιάγαστε.
2674 3883 2737 3936 Εἰ
2797 3881 3081 3951 φιλοσοφία
3145 3881 3472 3950 πρεσόεύειν
3521 3874 3665 3932 οἶδεν

2083 3973 2351 4027 ἀπάθειαν
2375 3973 2565 4042 αὐτὴν,
2594 3973 2650 4025 αἱ
2677 3971 2840 4040 μέσαι
2864 3971 2921 4023 δὲ
2954 3970 3096 4036 ἕξεις
3122 3972 3202 4033 είς
3233 3968 3662 4040 μετριοπάθειαν

2084 4062 2349 4124 ἵστανται,
2395 4063 2495 4132 τὴν
2534 4060 2999 4130 ἀπειροπάθειαν,
3047 4058 3141 4112 καὶ
3171 4059 3233 4111 τὸ
3259 4058 3662 4111 εὺταπείναντςν

2081 4153 2184 4206 ποῦ
2218 4153 2404 4224 χώρας
2439 4152 2675 4223 τάξομεν
2699 4169 2714 4218 ;
2743 4146 2832 4222 ἆρ’
2859 4151 2980 4220 οὐχὶ
3006 4148 3196 4221 πὸρῤω
3225 4149 3558 4219 φιλοσοφίας,
3591 4145 3658 4221 ἧς

393 4246 682 4316 tiquiores,
712 4259 776 4299 ac
805 4244 1080 4314 primaria:
1104 4244 1335 4299 virtutes
1364 4246 1495 4311 sint,
1533 4262 1724 4315 quaeve
1748 4248 1804 4302 in
1833 4248 1974 4305 infe-

2086 4243 2296 4315 μύστην
2334 4242 2587 4310 γενέσθαι
2615 4258 2675 4295 σε
2700 4239 3122 4310 κατηυξάμεθα;
3153 4239 3227 4310 μὴ
3264 4239 3416 4346 δητα,
3441 4233 3487 4291 ὦ

396 4339 528 4394 riori
559 4337 752 4394 ordine
782 4338 941 4392 sita:
973 4351 1096 4391 cum
1129 4337 1183 4391 id
1240 4336 1474 4407 adeptus
1533 4336 1728 4406 fueris,
1762 4340 1970 4395 nullam

2086 4353 2186 4389 των
2215 4335 2340 4406 ἐμοὶ
2373 4333 2804 4405 προσφιλέστατε
2829 4349 2844 4366 ο
2891 4332 3008 4387 ἀλλ’
3047 4332 3493 4402 ἀρῤενωπὸτερον
3525 4332 3656 4400 ἡμῖν

395 4438 456 4484 ιιι
474 4428 547 4484 ob
577 4443 690 4482 rem
724 4427 954 4498 lugeas;
1001 4425 1094 4482 sed
1135 4426 1322 4481 infima
1375 4429 1585 4493 omnia,
1643 4438 1699 4485 et
1731 4431 1969 4487 humana

2086 4427 2171 4481 τὸν
2223 4427 2377 4496 φίλον
2424 4425 2744 4480 ἀποδείκνυε
2790 4425 2905 4496 [γρ.
2952 4422 3155 4495 ὑποδ.].
3193 4423 3418 4532 "Auzea
3469 4440 3572 4532 (1:1)
3620 4422 3653 4491 ἡ

395 4517 592 4572 merito
620 4526 945 4572 contemnas
976 4534 990 4572 :
1027 4515 1144 4570 haec
1175 4515 1270 4570 tibi
1313 4518 1500 4588 regula
1537 4519 1632 4583 sit,
1687 4535 1752 4574 ac
1801 4524 1966 4578 veluti

2086 4519 2220 4573 ›ἱκία
2251 4517 2548 4588 κατεδεήθη
2601 4518 2914 4588 προσειπεῖν
2954 4532 3014 4568 σε
3061 4515 3200 4584 ὑπὲρ
3238 4515 3428 4618 αὐτῆς.
3483 4515 3654 4618 [ipos-

395 4608 600 4678 Lydius
633 4609 794 4678 lapis,
825 4624 936 4678 quo
979 4619 1031 4662 te
1078 4609 1144 4662 ad
1195 4608 1369 4677 prima
1405 4613 1726 4680 pervenisse
1761 4630 1972 4684 cogno-

2086 4611 2271 4683 είρησο
2326 4605 2420 4662 οὖν
2456 4607 2609 4680 παρά
2648 4607 2862 4661 πάντων
2883 4647 2898 4672 ,
2931 4605 3163 4659 ἑκάστου
3200 4604 3459 4713 μονονουκ
3499 4604 3653 4713 ὲιγχὶἐ-

393 4715 518 4755 scas
547 4717 560 4753 :
590 4707 648 4752 ut
678 4699 776 4753 tibi
814 4712 845 4751 a
874 4713 960 4753 me
991 4697 1158 4762 istud,
1195 4696 1392 4766 Sapere
1450 4701 1764 4768 plurimum,
1801 4706 1856 4759 in
1889 4707 1972 4761 lit-

2086 4720 2238 4766 αντος
2282 4701 2379 4772 τὴν
2421 4699 2598 4770 ψυχὴν
2661 4701 2728 4769 τῇ
2784 4697 3106 4768 προσρήσει.
3148 4696 3256 4749 Καὶ
3306 4695 3465 4800 αύτδς
3513 4695 3652 4766 back?

391 4790 526 4855 ieris
560 4789 769 4844 redeat.
816 4787 1115 4844 Incolumis
1157 4804 1438 4858 sanusque
1467 4792 1636 4845 vitam
1684 4794 1964 4863 traducas,

2086 4795 2232 4868 ἡμῶν
2265 4794 2354 4847 τὸν
2387 4790 2747 4860 ἱπποτοξότην
2781 4789 3067 4861 πρόσειπε,
3111 4787 3435 4891 παρακαλῶ.

393 4881 558 4936 nullis
616 4878 877 4935 ﬂuctibus
933 4880 1194 4952 agitatam
1260 4882 1429 4935 animi
1481 4882 1815 4942 hilaritatem
1891 4892 2228 4947 conciliante
2263 4886 2887 4960 philosophia,domiue
2939 4880 3652 4986 mihiimprimiislamande.

393 4976 449 5030 Si
485 4974 830 5046 philosophia
880 4983 1126 5029 motuum
1161 4976 1406 5030 omnium
1456 4979 1731 5034 vacuitate
1763 4983 1948 5051 potius
1987 4986 2148 5048 nihil,
2190 4989 2284 5037 aut
2335 4981 2619 5052 antiquius
2679 4978 2887 5043 habet,
2926 4975 3091 5031 medii
3131 4991 3260 5030 vero
3311 4974 3535 5030 habitus
3596 4975 3654 5029 in

393 5079 641 5125 motuum
673 5069 1052 5124 mediocritate
1080 5068 1388 5124 consistunt
1419 5087 1432 5122 :
1469 5084 1708 5139 quanam
1749 5074 1805 5129 in
1871 5077 2001 5132 sede
2038 5076 2295 5131 aifectum
2355 5071 2526 5127 animi
2604 5070 3030 5173 collocabimus,
3055 5067 3321 5173 .inﬁnitis
3366 5067 3655 5173 perturba.—

391 5162 636 5218 tionibus
674 5161 958 5232 agitatum,
990 5162 1196 5232 quique
1226 5161 1390 5232 dejici
1417 5162 1573 5219 facile
1603 5180 1668 5220 ac
1700 5169 1956 5224 contrahi
1998 5171 2219 5240 possit?
2298 5167 2422 5222 Non
2453 5168 2647 5237 procul
2693 5182 2723 5218 a
2761 5161 3106 5264 philosophia
3147 5179 3274 5217 eum
3317 5162 3655 5265 .ainandabio

395 5271 538 5319 mus,
569 5254 729 5324 cujus
762 5262 814 5308 te
840 5263 1072 5324 mystam
1101 5268 1226 5308 esse
1255 5253 1514 5327 omnibus
1554 5256 1696 5311 votis
1741 5259 2276 5328 expetimus?Absit
2320 5259 2425 5312 hoc
2475 5273 2505 5310 a
2558 5264 2633 5320 te,
2675 5269 2887 5325 quaeso,
2946 5253 3198 5356 omnium
3251 5253 3391 5356 mihi
3441 5253 3653 5356 charis-

391 5352 550 5406 sime.
580 5348 726 5416 Quin
760 5349 890 5402 mihi
921 5348 1099 5418 potius
1130 5349 1563 5404 constantiorem
1596 5365 1662 5406 ac
1697 5351 1974 5409 fortiorem
2016 5356 2255 5410 amicum
2294 5353 2512 5410 exhibe.
2545 5351 2659 5404 Mea
2725 5350 2906 5404 omnis
2942 5346 3144 5400 familia
3187 5347 3264 5399 uti
3332 5362 3433 5401 suo
3477 5347 3651 5399 nomi-

395 5459 464 5497 ne
495 5443 732 5498 salutem
760 5439 859 5495 tibi
893 5440 1134 5495 dicerem
1161 5453 1193 5492 a
1250 5453 1338 5493 me
1370 5438 1659 5511 ﬂagitavit.
1712 5443 1969 5499 Omnium
2011 5446 2179 5517 igitur
2211 5444 2434 5499 nomine
2461 5442 2696 5498 salutem
2733 5440 2834 5494 tibi
2892 5439 3057 5504 dico;
3119 5437 3174 5491 in
3217 5452 3325 5506 qua
3374 5440 3646 5506 precanda

1632 5551 2373 5618 DION.PETAVI|NOTIE.
2467 5622 2469 5624 .
2544 5605 2546 5607 ›

469 5669 582 5741 (76)
615 5669 890 5766 ζοιοῦτόγ
911 5669 1505 5766 μοξὲτῆςιὲπιοίτολῆς
1543 5673 1609 5766 τί)
1631 5676 1972 5766 πρόσθημα]

2086 5695 2191 5732 rere
2220 5693 2237 5732 :
2262 5676 2320 5731 Si
2348 5678 2510 5766 vales,
2541 5673 2664 5766 beize
2681 5683 2759 5753 est
2776 5687 2796 5735 ,'
2824 5687 2914 5766 ego
2939 5669 3103 5724 valeo.
3132 5667 3287 5766 Rga:-
3312 5677 3361 5720 et
3397 5683 3491 5745 nos
3518 5663 3648 5766 die:

2102 5765 2107 5766 γ
2224 5764 2234 5766 ς
2273 5747 2327 5766 (⁸9
2374 5748 2434 5766 μ’.
2497 5759 2758 5766 ---..-_----
2880 5756 2965 5766 λ-.-
3023 5748 3094 5766 -..ι
3222 5754 3249 5766 η
3280 5753 3361 5766 η’,
3391 5751 3524 5766 -.ηη

401 5732 609 5794 Sciit-sa
637 5740 672 5793 I.
703 5756 764 5799 tt.
795 5732 957 5809 epist.
987 5741 1053 5793 15
1085 5732 1244 5825 {Mos
1276 5732 1522 5825 antiquus
1563 5732 1688 5816 fuit:
1719 5732 1973 5827 trahite-oti
2081 5765 2196 5827 ntus
2217 5764 2235 5800 :
2267 5747 2327 5800 Si
2371 5732 2784 5827 phlfosop/taris,
2841 5732 2965 5827 liene
3017 5735 3361 5827 estmealere
3389 5735 3527 5790 enim
3557 5732 3650 5786 hoc

403 5823 573 5863 meum
603 5819 841 5864 servatus
880 5821 1108 5879 wtatem,
1143 5814 1328 5882 primis
1360 5815 1594 5882 opinata:
1633 5814 1798 5870 verbis
1832 5815 1976 5886 adji-
2081 5817 2290 5872 demum
2311 5829 2419 5881 est;
2441 5817 2553 5871 sine
2571 5816 2666 5869 hoc
2696 5827 2830 5883 wger
2857 5820 2935 5866 est
2957 5814 3187 5863 animus.

3568 403 3718 458 153'!
3778 415 3815 462 .’

3791 737 3816 1030 l

3807 1049 3816 1156 l

3790 5531 3816 5675 ἐ
