3838 6236
167 266 193 318 I
210 264 320 317 3⁸57

1350 261 1740 322 EPISTOLE.
1770 291 1843 304 -—
1870 258 2091 316 EPIST.
2124 258 2359 316 CXLIII.

3316 265 3457 321 I538

165 382 250 433 Τὸ
284 382 342 435 δὲ
382 382 572 442 λυπεῖν
604 383 718 438 ἔστι
752 385 851 455 μὲν
888 385 978 439 ὅτε
1023 385 1215 457 ἀρῤεν,
1250 387 1347 441 καὶ
1387 404 1526 458 προς
1562 385 1760 459 τρόπον

1872 381 1928 438 Si
1951 382 2101 437 enim
2152 380 2301 438 istud
2331 380 2554 447 feceris,
2587 395 2866 453 expressa
2909 382 3031 438 ista
3063 381 3329 454 nequitiae
3360 384 3460 437 de-

168 473 522 543 φιλοσοφίας,
557 476 687 529 ὅταν
718 478 856 546 πρὸς
890 478 1161 546 παρόντας
1182 495 1198 509 ο
1229 476 1293 531 τὸ
1314 478 1374 532 δὲ
1404 480 1500 532 καὶ
1526 477 1764 548 γράφειν

170 564 312 635 περὶ
367 563 594 630 τούτων,
658 567 1036 637 μικροπρεπὲς
1085 568 1253 624 δοκεῖ.
1316 568 1457 621 Ἀλλ’
1504 568 1647 639 ἅπερ
1697 567 1766 622 ἂν

172 655 435 719 Συνέσιος
462 657 600 728 πρὸς
628 658 789 711 αὐτὸν
823 657 1153 730 διαλεχθείη,
1176 658 1347 713 ταῦτα
1379 660 1473 713 καὶ
1507 658 1643 730 πρὸς
1666 660 1766 731 τὴν

172 748 368 815 τιμίαν
404 747 498 800 σοῦ
539 749 779 820 κεφαλὴν
813 749 1144 815 διαλέγεται.
1178 751 1271 804 τοῦ
1313 752 1475 822 μόνου
1511 752 1690 821 φίλου,
1727 751 1763 822 ἢ

179 837 326 903 μετά
373 837 519 890 δυοῖν
566 839 799 909 μάλιστα
848 840 1002 909 φίλου
1031 856 1045 871 ⁸
1082 842 1159 905 ὼς
1201 842 1326 912 ὲμοί
1375 859 1441 910 γε
1478 841 1632 906 ἐκτὸς
1668 842 1767 913 τῆς

176 927 432 999 τριττύος
461 930 638 999 ὑμῶν,
659 931 810 984 οὐδέν
833 932 980 985 ἐστιν
1008 932 1348 1005 ἀνθρώπινον
1362 934 1561 1004 τίμιον.
1592 936 1766 1005 Προσ-

179 1022 436 1092 κείμενος
470 1024 527 1076 δὲ
587 1023 682 1076 καὶ
724 1022 908 1088 αὐτὸς,
949 1024 1091 1093 τάχα
1127 1024 1432 1095 συμπληρῶ
1462 1026 1767 1097 τετρακτὺν

186 1116 344 1184 ἱερᾶς
380 1116 583 1183 φιλίας.
629 1115 767 1169 Ἀλλ’
798 1115 1152 1186 εὐφημείσθω
1183 1118 1283 1188 τῆς
1316 1118 1375 1171 ἐν
1403 1118 1598 1188 ἀρχαῖς
1628 1119 1769 1187 ὁμω-

181 1208 355 1279 νύμου
399 1209 800 1281 τετρακτύοςή
850 1211 1029 1277 φύσις.
1080 1211 1169 1263 Ἐν
1218 1209 1296 1279 τῷ
1344 1209 1609 1281 τετραδίῳ
1655 1209 1766 1261 τῶν

184 1300 450 1369 ἰαμϐείων
476 1300 588 1367 (8|)
617 1292 775 1369 εὗρον
804 1301 896 1352 ἐπὶ
934 1299 1123 1363 τέλους
1154 1298 1281 1361 τοὺς
1313 1297 1521 1351 δώδεκα
1551 1297 1768 1367 στίχους

179 1390 495 1461 γραφέντας
552 1389 689 1460 ἅμα,
729 1390 805 1453 ὼς
848 1388 905 1442 ἓν
956 1387 1017 1442 ὃν
1073 1387 1422 1459 ἐπίγραμμα.
1475 1387 1626 1440 Ἐπεὶ
1672 1380 1766 1439 οὖν

183 1499 243 1533 σε
285 1482 431 1544 εἰκὸς
471 1480 614 1551 ἔχειν
658 1480 891 1543 αὐτοὺς,
924 1479 1032 1533 ῐσθι
1076 1479 1151 1542 ὼς
1182 1478 1304 1532 οὔτε
1350 1479 1407 1532 ἓν
1444 1479 1602 1541 εἰσιν,
1641 1476 1764 1531 οὔτε

182 1571 334 1634 ἑνός·
387 1570 500 1623 ἀλλ’
557 1570 607 1622 oi
661 1570 760 1639 μὲν
818 1568 962 1623 ὀκτὼ
1014 1569 1222 1641 πρῦτοι
1280 1568 1397 1639 μετ’
1448 1568 1765 1637 ἐπιστήμης

181 1658 482 1728 γραφέντες
505 1658 822 1728 ποιητικῆς,
859 1658 1111 1729 μιγείσης
1143 1659 1308 1724 ἕξεως
1341 1644 1762 1729 ἀστρονομικῆς,

1866 475 2203 544 scriptiones
2225 489 2465 531 mmrore
2495 474 2623 530 illos
2655 473 2921 539 afficient,
2954 473 3050 544 qui
3078 474 3223 545 apud
3247 489 3330 540 se,
3358 482 3457 528 aut

1866 565 2076 620 amicos
2110 579 2246 621 suos
2275 573 2713 621 commemorata
2737 581 2770 620 a
2800 582 2885 621 me
2910 566 3117 621 indicia
3142 565 3454 635 deprehen-

1867 655 2070 710 derint.
2102 654 2302 711 Dolore
2340 663 2521 711 autem
2553 654 2774 711 afﬁcere
2798 670 2925 710 cum
2964 653 3244 711 interdum
3276 655 3457 711 virilis

1868 748 2039 803 animi
2091 748 2184 812 sit,
2210 747 2679 819 philoSOpbizeque
2717 748 2966 804 moribus
2995 751 3452 814 consentaneum,

1866 841 2089 912 quando
2110 842 2243 897 illud
2266 856 2475 906 coram,
2508 850 2564 895 et
2599 841 2742 911 apud
2770 852 3069 911 praesentes
3101 842 3313 912 agitur,
3335 850 3455 895 tum

1871 932 2148 1002 ejusmodi
2182 933 2249 988 de
2267 933 2435 988 rebus
2460 932 2722 998 scribere,
2754 943 3047 1003 angustum
3083 948 3147 987 ac
3173 917 3456 988 sordidum

1867 1024 2107 1079 videtur.
2137 1023 2243 1078 Sed
2268 1038 2391 1094 quae
2414 1022 2679 1095 Synesius
2708 1040 2898 1079 secum
2930 1026 3046 1095 ipse
3066 1005 3457 1096 disputaverit,

1867 1133 1932 1173 ea
1961 1117 2105 1187 apud
2139 1126 2192 1172 te
2221 1116 2382 1188 longe
2411 1116 2800 1172 charissimum
2825 1118 2932 1172 sibi
2971 1124 3140 1187 caput
3161 1118 3453 1189 disputat:

1867 1210 2114 1273 unicum,
2158 1209 2401 1279 inquam,
2451 1215 2545 1262 aut
2589 1222 2716 1263 cum
2770 1207 2987 1264 duobus
3036 1210 3273 1265 maxime
3314 1209 3457 1263 ami-

1867 1315 1991 1356 cum
2026 1318 2040 1355 :
2081 1301 2340 1370 quoniam
2372 1306 2528 1354 extra
2558 1299 2865 1353 ternionem
2904 1307 3149 1356 vestrum
3181 1299 3318 1353 nihil
3351 1299 3456 1353 hn-

1869 1406 2152 1445 nianarum
2180 1405 2363 1445 rerum
2384 1389 2563 1460 magni
2583 1390 2877 1444 admodum
2903 1388 3047 1444 facio
3081 1408 3095 1445 :
3128 1390 3332 1463 quibus
3358 1392 3459 1445 ad-

1864 1483 2090 1553 junctus
2120 1497 2222 1553 ego
2252 1495 2425 1535 sacra:
2455 1480 2716 1535 amicitia:
2748 1481 3169 1549 quaternionem
3198 1481 3456 1536 fortassis

1867 1570 2080 1640 expleo.
2113 1568 2315 1625 Verum
2348 1569 2737 1640 quaternionis
2770 1570 2921 1627 illius
2968 1578 3199 1634 naturas,
3224 1571 3319 1641 qui
3356 1586 3455 1625 ea-

1867 1661 1990 1716 dem
2024 1662 2391 1732 appellatione
2418 1662 2563 1716 incst
2613 1676 2797 1717 rerum
2829 1664 3078 1716 omnium
3136 1663 3451 1731 principiis,

184 1751 287 1802 εἰσὶ
311 1749 405 1803 τοῦ
436 1752 530 1804 σοῦ
561 1750 747 1820 φίλου·
780 1751 829 1805 οἱ
855 1751 911 1804 δὲ
952 1750 1251 1805 τελευταῖοι
1272 1750 1567 1822 τέσσαρες,
1603 1768 1760 1820 ποιη-

1870 1754 2053 1823 lingua
2087 1753 2379 1809 favendum
2424 1763 2529 1809 est.
2565 1751 2840 1809 Creterum
2888 1752 2943 1807 in
2975 1754 3334 1823 quaternario
3360 1754 3456 1807 illo

182 1841 336 1910 τικῆς
394 1843 497 1893 εἱσι
552 1839 846 1912 τρυφώσης
906 1841 1087 1911 μόνον.
1152 1840 1262 1894 Καὶ
1319 1840 1466 1893 ἔστιν
1516 1842 1741 1912 ἀρχαῖον

194 1932 461 2003 Ίιγοῦμαι
493 1933 551 1985 δὲ
590 1932 946 2003 ἀσεϐέστερον
989 1932 1369 1985 ἀποθανόντων
1404 1932 1592 2000 λόγους
1637 1932 1730 1985 κλέ

187 2044 357 2091 πτειν,
388 2026 419 2095 ἦ
456 2026 732 2097 θοιμάτια,
774 2026 802 2079 ὂ
834 2024 1078 2079 καλεῖται
1111 2024 1509 2095 τυμϐωρυχεῖν.
1560 2024 1763 2096 Ἐρρω-

190 2120 358 2188 μένως
386 2117 666 2189 διαϐιῴης,
698 2118 911 2186 εὐαγῶς
942 2118 1033 2170 καὶ
1054 2115 1298 2179 εὐλαὸὦς
1326 2114 1643 2185 φιλοσοφίας
1670 2117 1760 2169 ἀν-

1868 1846 2254 1911 iambicorum,
2295 1847 2347 1899 in
2399 1845 2505 1900 fine
2544 1844 2833 1899 duodecim
2870 1860 3066 1900 versus
3115 1844 3278 1899 simul
3330 1860 3453 1914 per-

1862 1937 2106 2008 scriptos
2164 1938 2366 2007 reperi,
2428 1938 2656 2009 perinde
2710 1952 2774 1991 ac
2807 1936 2857 1993 si
2906 1953 3077 1992 unum
3129 1948 3281 1994 esset
3333 1937 3451 2008 epi-

1860 2042 2133 2096 gramma.
2158 2028 2428 2096 Quoniam
2452 2045 2585 2100 ergo
2616 2029 2916 2086 verisimile
2942 2039 3026 2086 est
3052 2045 3222 2101 penes
3250 2038 3304 2086 te
3329 2031 3455 2086 illos

1868 2133 2011 2183 esse,
2050 2118 2190 2173 scito
2222 2134 2397 2188 neque
2449 2135 2619 2173 unum
2660 2120 2819 2190 quid,
2870 2136 3050 2191 neque
3101 2121 3266 2178 unius
3295 2137 3450 2187 esse;

186 2210 572 2280 τιποιοὺμενος.
603 2210 788 2264 Εἴκοσι
820 2211 913 2264 τοῦ
944 2210 1170 2280 Μεσωρὶ
1196 2209 1407 2280 ἡμέρας
1440 2208 1758 2278 συντίθεμαί

1869 2210 1963 2263 sed
1999 2220 2124 2263 octo
2150 2210 2369 2276 quidem
2402 2210 2567 2281 primi
2621 2226 2745 2265 cum
2778 2211 2991 2282 poetica
3052 2212 3281 2268 scientia
3311 2213 3452 2267 scri-

188 2321 267 2355 σοι
298 2303 611 2374 περιμένειν
638 2320 719 2364 σε,
753 2302 871 2373 μεθ’
900 2302 967 2366 ἃς
991 2302 1087 2355 σὺν
1117 2300 1237 2372 Θεῷ
1266 2300 1365 2369 τῆς
1394 2299 1516 2353 όδοῦ
1544 2299 1755 2369 ἕξομαι.

1870 2301 1968 2370 pti,
1993 2301 2227 2355 admista
2250 2302 2625 2357 astronomica
2654 2302 2937 2367 facultate,
2977 2303 3140 2357 amici
3162 2303 3240 2357 tui
3277 2310 3407 2359 sunt
3434 2320 3451 2358 :

186 2396 286 2448 Τὸν
310 2394 657 2463 ἀγαθώτατον
679 2395 893 2465 ἑταῖρον
927 2393 1155 2449 πλεῖστά
1186 2411 1273 2464 μοι
1303 2393 1586 2464 πρόσειπε·
1621 2393 1759 2462 φιλῶ

1870 2392 2133 2460 postremi
2157 2407 2285 2446 vero
2313 2404 2572 2461 quatuor,
2614 2392 2859 2462 poetices
2879 2392 3053 2448 solius
3083 2392 3450 2456 lascivientis.

187 2486 290 2557 γὰρ
325 2486 484 2539 αὑτὸν
502 2527 518 2552 ,
544 2485 676 2538 διότι
703 2502 761 2539 σε
795 2486 936 2539 πάνυ
961 2486 1120 2554 φιλεῖ.

1866 2492 2059 2553 estque
2086 2482 2321 2552 idipsum
2344 2484 2649 2554 antiquum.
2672 2482 2843 2555 Magis
2864 2492 3045 2540 autem
3077 2484 3305 2555 impium
3330 2501 3455 2541 esse

188 2579 422 2633 arbitror
476 2586 819 2631 mortuorum
880 2576 1314 2641 lucubrationes,
1358 2590 1523 2644 quam
1574 2583 1759 2629 vestes
1816 2576 2012 2641 furari,
2040 2575 2185 2644 quod
2218 2575 2476 2646 sepulcra
2520 2576 2807 2645 perfodere
2846 2577 3071 2635 dicitur.
3141 2577 3275 2635 Vale
3323 2594 3469 2649 per—7

190 2683 369 2743 petito,
430 2681 486 2727 et
540 2672 799 2742 religiose
872 2680 1034 2741 atque
1095 2673 1498 2741 circumspecte
1552 2671 1961 2741 philosophiam
2044 2677 2245 2725 tracta.
2295 2668 2500 2739 Viginti
2576 2679 2722 2725 totos
2780 2670 2978 2726 Mcsori
3030 2670 3150 2728 dies
3209 2686 3295 2727 me
3351 2672 3451 2731 tibi

195 2767 630 2837 praestolaturum
668 2767 923 2837 paciscor
970 2766 1222 2835 :quibus
1269 2766 1497 2827 exactis,
1556 2764 1773 2818 favente
1814 2764 1925 2819 Deo
1973 2763 2077 2817 iter
2125 2762 2431 2833 aggrediar.
2470 2760 2689 2832 Optimo
2751 2762 2927 2817 sodali
2974 2763 3269 2833 plurimam
3329 2779 3455 2823 tum

190 2859 406 2913 nomine
452 2857 689 2911 salutem
733 2857 944 2923 dicito;
1004 2858 1178 2926 diligo
1234 2858 1380 2911 enim
1413 2857 1614 2927 ipsum,
1661 2864 1951 2926 pr0pterea
1974 2854 2121 2927 quod
2143 2856 2309 2911 etiam
2343 2864 2505 2923 atque
2534 2856 2702 2908 etiam
2740 2863 2791 2909 te
2822 2855 3021 2926 diligit.

695 2951 1042 3004 ΕΠΙΣΤΟΛΗ
1077 2948 1255 3004 ΡΜΓ.

821 3040 907 3107 Τῷ
946 3041 1126 3106 αὐτῷ.

255 3133 538 3204 Φοιδέιμων
579 3131 693 3204 [γρ.
725 3131 1093 3203 Φοιϐἀμμων]
1127 3134 1155 3185 ὁ
1191 3132 1291 3202 τὴν
1325 3127 1610 3199 ἐπιστολὴν
1646 3132 1764 3183 ὲπι·

188 3226 327 3292 δοὺς,
348 3227 443 3279 καὶ
466 3226 603 3295 ἀνήρ
628 3228 774 3278 ἐστιν
797 3224 1019 3293 ἀγαθὸς,
1042 3226 1136 3277 καὶ
1160 3223 1332 3293 φίλος,
1356 3224 1450 3276 καὶ
1473 3222 1760 3275 ἀδικεῖται.

188 3317 285 3369 Διά
310 3318 485 3370 πάντα
524 3312 615 3370 οὖν
642 3316 791 3388 αὑτῷ
827 3314 1187 3369 συλλαϐέσθαι
1230 3316 1437 3378 δίκαιος
1468 3309 1537 3374 εἴ,
1576 3314 1671 3366 καὶ⁵
1695 3312 1763 3366 δι’

188 3409 353 3478 ἡμᾶς,
395 3410 488 3462 καὶ
516 3408 602 3462 διά
633 3408 724 3460 τὸν
751 3406 951 3478 τρόπον
971 3446 987 3471 ,
1027 3407 1118 3459 καὶ
1158 3404 1246 3458 διὰ
1288 3403 1387 3475 τὴν
1420 3403 1761 3474 περίστασιν.

190 3500 355 3553 τοῦτο
412 3501 510 3567 μὲν
558 3498 700 3552 οὕτω
736 3499 995 3567 γενέσθωο
1052 3497 1146 3550 καὶ
1202 3495 1311 3567 γὰρ
1365 3496 1508 3548 ἔοικε
1559 3494 1763 3563 σφόδρα

191 3590 473 3643 πιστεῦσαι
516 3592 581 3661 τῇ
618 3589 755 3659 πρὸς
790 3588 1051 3659 ἀλλήλους
1090 3586 1245 3657 ἡμῶν
1280 3584 1480 3656 εὐνοίᾳ.
1524 3583 1626 3636 Σοῦ
1656 3584 1763 3652 γὰρ

189 3682 459 3750 δεόμενος,
502 3680 588 3731 ἐπ’
638 3679 739 3748 ἐμὲ
786 3678 1103 3747 κατέφυγε,
1148 3674 1536 3747 τεθαρρηκὼς,
1568 3674 1651 3728 ὃτι
1692 3673 1762 3726 δι’

190 3772 341 3841 ἐμοῦ,
376 3770 468 3823 σοῦ
508 3768 776 3834 τεύξεται.
818 3768 927 3821 Καὶ
977 3766 1293 3838 ὑπεσχόμην
1326 3764 1477 3835 αὐτῷ
1508 3765 1601 3817 τὸν
1643 3766 1764 3835 Ἑρο

191 3863 483 3925 κουλιανὸν,
512 3862 600 3914 διὰ
624 3859 897 3914 Συνεσίου·
920 3859 980 3911 τὸ
1007 3859 1062 3911 δὲ
1096 3860 1253 3928 νικᾷν
1281 3858 1405 3921 τοὺς
1435 3855 1759 3919 λυποῦντας,

188 3955 251 4005 it’
293 3950 676 4021 Ἐρκουλιανοῦ
703 3949 801 4020 τῆς
833 3948 983 4016 ἱερᾶς
1003 3947 1098 4002 καὶ
1125 3947 1310 4016 τιμίας
1338 3944 1596 4016 κεφαλῆς.
1629 3944 1763 4015 Περὶ

187 4044 278 4096 τοῦ
316 4043 552 4115 κόμητος
587 4041 697 4109 (82)
738 4040 1066 4111 ὲγεγράφεις
1117 4039 1183 4091 δι’
1224 4037 1583 4107 Οὑρσικίνου’
1619 4034 1764 4105 λέγω

187 4136 242 4189 δὲ
274 4134 367 4188 τοῦ
397 4135 653 4204 τυχόντος
694 4134 867 4204 ἀρχῆς
906 4132 1011 4184 τῶν
1044 4133 1102 4183 ἐν
1140 4132 1205 4200 τῇ
1246 4128 1463 4199 πατρίδι
1495 4144 1763 4200 στρατιω·

188 4226 295 4277 τῶν
313 4242 327 4255 α
359 4226 453 4279 καὶ
482 4225 631 4295 ᾔτεις
660 4224 979 4294 συνθήματα
1002 4223 1131 4293 παρ’
1160 4220 1338 4291 ἡμῶν,
1366 4217 1460 4272 τοῦ
1484 4216 1761 4287 γενέσθαι,

190 4316 338 4387 παρὰ
363 4316 470 4369 τῶν
496 4315 809 4386 δυναμένων
840 4314 998 4368 τοῦτο
1026 4316 1197 4368 ποιεῖν
1225 4312 1332 4365 σῶν
1363 4313 1553 4382 φίλων,
1583 4313 1764 4383 γράμ-

193 4423 332 4477 ματα
370 4405 507 4476 πρός
552 4421 611 4457 τε
652 4396 836 4466 αὑτὸν,
874 4404 967 4457 καὶ
1007 4402 1142 4473 πρδς
1190 4401 1282 4453 τὸν
1322 4400 1626 4472 όρδινάριον
1669 4402 1769 4471 ἀρ·

190 4513 369 4566 χοντα.
403 4496 513 4566 Τὴν
539 4495 638 4565 μὲν
662 4490 757 4549 οὖν
786 4494 1103 4564 προαίρεσιν
1128 4492 1473 4563 ἀπεδεχόμην
1501 4492 1595 4545 καὶ
1621 4492 1764 4547 τότε·

187 4586 247 4640 τὸ
270 4586 325 4639 δὲ
357 4586 537 4657 ἔργον,
562 4586 637 4647 ὡς
668 4585 959 4656 παρέλκον,
981 4582 1281 4654 ἠρνούμην,
1304 4583 1509 4654 γυμνὸν
1530 4583 1769 4655 ἐμαυτὸν

189 4678 269 4739 είς
298 4676 612 4745 φιλοσοφίαν
648 4677 820 4738 ίστάς.
853 4675 966 4728 Νῦν
998 4675 1054 4727 δὲ
1091 4674 1437 4744 ἀδικούμενοι
1475 4674 1641 4744 φίλοι,
1672 4675 1767 4729 καὶ

191 4768 429 4833 ιδιῶται,
472 4767 567 4822 καὶ
616 4766 978 4839 στρατιῶται,
1029 4764 1303 4837 βιάζονταί
1360 4783 1428 4836 με
1479 4765 1769 4836 βούλεσθαι

1792 2952 1839 3012 α

2364 2945 2703 3001 EPISTULA
2744 2944 2974 3011 CXLIII,

2557 3037 2769 3092 Eidem.

1933 3126 2294 3189 Phcebamon.
2326 3126 2421 3196 qui
2463 3127 2560 3181 tibi
2584 3127 2751 3181 hasce
2785 3126 2999 3181 litteras
3050 3126 3229 3189 offert,
3266 3135 3321 3182 et
3369 3128 3457 3185 vir

1869 3219 2047 3274 bonus
2079 3226 2188 3282 est,
2228 3225 2284 3272 et
2313 3218 2557 3281 amicus,
2587 3226 2641 3273 et
2677 3218 2931 3288 injuriam
2969 3220 3192 3288 patitur.
3242 3220 3459 3287 Quibus

1868 3311 2129 3365 omnibus
2161 3310 2231 3364 de
2280 3310 2466 3364 causis
2502 3324 2718 3379 aequum
2759 3316 2844 3363 est
2884 3310 3036 3363 illum
3065 3310 3165 3363 abs
3192 3318 3245 3364 te
3266 3311 3456 3365 suble-

1865 3400 2005 3465 vari,
2047 3401 2165 3456 sive
2193 3398 2367 3455 nostri
2408 3414 2610 3465 causa,
2639 3400 2757 3456 sive
2797 3400 2870 3454 ob
2911 3415 3095 3459 mores
3126 3401 3296 3470 ipsos,
3336 3404 3457 3458 sive

1866 3498 2093 3561 propter
2126 3491 2522 3546 calamitatem.
2558 3490 2673 3544 Hoc
2701 3490 2873 3559 igitur
2899 3491 3022 3544 itaa
3055 3501 3107 3545 te
3140 3492 3255 3547 tieri
3283 3493 3409 3545 volo
3431 3506 3453 3549 ε

1866 3596 1994 3635 nam
2013 3583 2067 3635 in
2092 3590 2282 3636 nostra
2311 3583 2556 3637 amicitia
2583 3582 2800 3636 liducia:
2822 3582 3118 3651 plurimum
3148 3584 3457 3641 collocasse

1864 3673 2115 3740 videtur;
2150 3673 2246 3743 qui
2301 3688 2428 3729 cum
2471 3674 2541 3729 de
2585 3682 2641 3730 te
2671 3676 2963 3746 impetrare
3025 3675 3231 3749 aliquid
3262 3678 3450 3742 vellet,

1865 3765 1934 3817 ad
1956 3779 2043 3820 me
2059 3763 2329 3835 confugit,
2354 3772 2510 3820 certo
2534 3765 2817 3821 conlidens
2840 3780 2938 3835 per
2954 3781 3042 3821 me
3071 3773 3219 3821 tuam
3242 3782 3301 3822 se
3323 3782 3452 3823 esse

1863 3856 2095 3926 gratiam
2132 3866 2539 3912 assecuturum.
2567 3857 2746 3929 Atque
2803 3872 2906 3928 ego
2948 3855 3338 3914 Herculianum
3366 3858 3451 3917 illi

1864 3946 2025 4015 281
2066 3960 2163 4017 per
2198 3946 2489 4017 Synesium
2540 3946 2805 4017 promisi;
2862 3948 2931 4003 de
2994 3948 3063 4004 iis
3117 3964 3314 4019 porro,
3351 3950 3452 4020 qui

1865 4037 1969 4094 sibi
2001 4038 2216 4093 molesti
2237 4047 2389 4101 sunt,
2415 4038 2728 4104 victoriam,
2752 4054 2852 4113 per
2876 4038 3293 4106 Herculianum,
3310 4042 3447 4097 cha-

1864 4146 1987 4185 rum
2043 4129 2179 4185 illud
2238 4144 2303 4185 ac
2362 4130 2679 4200 religiosum
2715 4138 2905 4202 caput.
2961 4130 3040 4188 De
3097 4132 3297 4188 comite
3350 4148 3454 4204 per

1864 4220 2183 4279 Ursicinum
2219 4220 2572 4291 scripseras:
2632 4238 2757 4276 eum
2804 4231 2985 4277 autem
3041 4222 3311 4294 intelligo,
3351 4224 3449 4292 qui

1866 4313 2103 4367 militum
2158 4313 2215 4367 in
2275 4313 2452 4382 patria
2518 4312 2898 4383 praefecturam
2938 4321 3022 4369 est
3078 4315 3451 4371 sortitus:ae

1862 4404 2016 4458 velut
2076 4404 2429 4459 conficiendae
2456 4404 2532 4458 rel
2589 4413 2850 4459 tesseram
2900 4420 2932 4460 a
2964 4404 3123 4460 nobis
3178 4406 3447 4475 petebas;

1866 4493 2079 4549 litteras
2114 4495 2372 4548 nimirum
2409 4495 2477 4547 ab
2503 4493 2697 4549 amicis
2723 4493 2855 4560 tuis,
2880 4494 2975 4563 qui
3007 4494 3057 4548 id
3085 4494 3266 4551 facere
3300 4510 3437 4566 pos-u

1864 4598 2007 4650 sent,
2067 4597 2178 4643 tam
2214 4589 2280 4643 ad
2319 4589 2521 4658 ipsum,
2551 4603 2717 4658 quam
2764 4588 2833 4642 ad
2890 4590 3233 4645 ordinarium
3272 4591 3445 4659 magi-

1863 4686 2117 4735 stratum.
2137 4678 2313 4748 Atque
2339 4692 2439 4748 ego
2470 4677 2691 4748 quidem
2717 4688 2831 4732 tum
2851 4678 3142 4733 consilium
3175 4679 3403 4750 probavi
3427 4698 3444 4746 ξ

1862 4782 1977 4823 rem
2009 4777 2190 4823 autem
2226 4768 2426 4838 ipsam,
2457 4776 2717 4838 tanquam
2760 4782 3243 4838 supervacaneam,
3281 4784 3446 4841 repu.

1414 4881 1599 4937 DION.
1635 4881 1907 4938 PETAVII
1937 4882 2172 4939 NOTAS.

260 4980 368 5047 (8|)
414 4980 509 5030 Ἐν
538 4978 606 5031 δὲ
629 4976 708 5042 τῷ
737 4976 1015 5045 τετραδίῳ
1074 4976 1191 5029 τῶν
1221 4977 1513 5047 ἰαμϐείων.
1544 4974 1752 5030 Versus

188 5051 240 5104 hi
271 5045 570 5103 duodecim
601 5058 816 5101 eXslant
846 5066 895 5099 III
934 5047 1184 5100 oratione
1211 5047 1343 5113 Περὶ
1372 5045 1753 5114 δώρουεῳιο-

192 5134 309 5171 rum
343 5119 554 5187 priores
582 5128 815 5185 quatuor
844 5116 1117 5171 Ptolemaei
1166 5128 1312 5187 sunt,
1347 5116 1543 5187 reliqui
1577 5113 1754 5186 sync-

189 5186 355 5244 siaui,
387 5189 479 5256 qui
513 5188 766 5255 leguntur
795 5190 957 5240 ctiam
996 5188 1047 5239 in
1086 5186 1423 5254 Ant/tologia.

259 5258 367 5325 (δῖ)
402 5252 540 5322 Περὶ
568 5252 671 5309 τοῦ
716 5259 989 5327 κόμητος.
1025 5252 1427 5327 obscuritatem
1463 5254 1565 5307 loci
1593 5252 1756 5327 istius

186 5324 414 5381 discutit
460 5329 622 5380 breve
674 5324 923 5380 Scholion
972 5327 1038 5378 ad
1079 5324 1212 5393 Reg.
1249 5326 1372 5377 cod.
1450 5324 1755 5390 marginem

189 5400 530 5459 adnotatum,
559 5398 702 5465 quod
739 5397 824 5449 Ι.ἰο
858 5396 1064 5464 placuit
1121 5392 1435 5465 etsct'ibere
1473 5409 1499 5465 :h
1531 5392 1757 5465 Ἐρκου-

186 5468 365 5541 λιανδς
398 5463 980 5541 ἐδεήθητοῦλκὸμητος
1007 5463 1442 5541 ὑπὲρ-Συνεσίου,
1474 5463 1623 5541 ὄπῳς
1658 5463 1756 5541 ἀρ-

188 5538 451 5607 χῆςίτινος
483 5533 640 5605 τύχῃ,
665 5537 757 5588 καὶ
784 5533 983 5607 γράφει
1010 5534 1089 5604 τῷ
1121 5533 1374 5607 Συνεσίῳ
1401 5533 1487 5607 ςξνα
1520 5534 1568 5584 εί
1598 5533 1757 5607 τοῦτο

188 5601 518 5676 ἀποδέχοιτο,
551 5601 958 5674 ’παρασκευάσῃ
979 5601 1122 5676 τοὺς
1161 5602 1325 5676 αὑτοῦ
1350 5601 1551 5676 φίλους
1582 5601 1758 5676 γράμ-

196 5692 336 5746 ματα
355 5672 576 5747 ’πέμψαι
620 5672 755 5747 πρὸς
792 5675 884 5729 τὸν
925 5672 1157 5746 κομητα.
1192 5674 1285 5726 καὶ
1315 5672 1405 5725 τὸν
1434 5672 1755 5741 όρδινάριον.

1860 4977 1933 5030 Τὸ
1948 4976 2004 5031 δὲ
2032 4976 2161 5030 σῶν
2190 4977 2402 5047 φίλων,
2418 4974 2728 5047 οὐίτῶνγτοῦ
2744 4972 3148 5047 Ἐρκουλιανοῦ,
3172 4974 3310 5047 ἀλλά
3335 4974 3447 5047 τῶν

1862 5047 1957 5100 τοῦ
1990 5044 2265 5100 Συνεσίου.
2304 5046 2461 5100 Ἐστι
2484 5046 2541 5099 δὲ
2563 5046 2592 5097 ό
2616 5046 2776 5114 λόγος
2805 5044 2912 5098 ἀπὸ
2936 5044 3032 5115 τοῦ
3060 5045 3444 5115 Ἐρκουλιανοῦ

1861 5116 1999 5186 πρὸς
2032 5117 2122 5170 τὸν
2148 5116 2421 5182 Συνέσιον,
2453 5116 2546 5169 καὶ
2588 5116 2664 5178 ὡς
2692 5116 2903 5186 ἐκείνου
2954 5114 3204 5186 λέγοντός
3235 5117 3352 5186 ἐστι
3381 5116 3451 5170 τὸ

1864 5185 2011 5241 σῶν.
2030 5186 2161 5252 Qua:
2189 5194 2369 5241 tamen
2394 5202 2503 5240 non
2532 5186 2715 5239 omnia
2749 5185 2881 5237 mibi
2910 5185 3235 5253 probantur.
3261 5185 3445 5251 Quare

1863 5257 1945 5311 sic
1970 5256 2226 5312 existimo
2263 5272 2278 5309 :
2313 5256 2607 5325 scripsisse
2643 5254 3036 5310 Ilcrculianum
3072 5254 3325 5325 Synesio,
3359 5269 3441 5318 se,

1864 5328 1909 5379 si
1954 5327 2175 5395 quidem
2240 5326 2603 5395 permitteret,
2638 5326 2708 5379 ab
2758 5326 2950 5378 amicis
2986 5326 3100 5379 suis
3127 5325 3341 5378 litteras
3370 5325 3441 5377 ad

1865 5394 2120 5450 couiitem
2176 5402 2233 5450 et
2292 5394 2634 5449 ordinarium
2690 5396 3129 5464 impetraturum,
3171 5402 3232 5445 ut
3278 5394 3444 5464 magi:

1866 5474 2043 5537 stratu
2079 5466 2682 5537 quopiamornaretur,
2733 5461 2878 5537 quod
2918 5478 3314 5537 coniuratus:
3345 5461 3441 5531 qui

1865 5536 1931 5617 ad
1963 5532 2111 5593 sese'
2140 5532 2531 5608 confugiebant
2561 5532 2929 5606 juvandorum
2969 5532 3236 5608 permittit
3268 5532 3443 5608 Syne-

1866 5620 2003 5662 SIUS.
