3838 6236
368 244 499 319 35§9
1417 221 1689 280 SYNESII
1732 219 2200 277 PTOLEMAIDIS
2232 216 2543 275 EPISCOPI
3490 212 3693 267 £540

355 362 536 424 diavi;
566 353 712 427 quod
755 349 961 408 nudum
1008 361 1094 403 me
1128 345 1196 400 ad
1232 343 1634 415 philosophiam
1670 341 1871 397 contuli

2151 339 2446 393 ιποιεῖσθαι
2502 338 2602 409 τῆς
2654 335 2941 407 πολιτικῆς
2986 334 3306 406 δυνάμεως.
3361 332 3522 404 πρὸς
3586 332 3667 402 ἢν

357 464 496 507 sem.
530 425 685 501 Nunc
714 452 899 498 autem
924 438 1100 493 ail‘ecti
1135 437 1335 506 injuria
1361 434 1618 498 amici,ct
1643 432 1860 504 privati,

2146 430 2406 499 πεφυκῶς
2443 426 2593 483 οῖδαο
2633 429 2731 482 καὶ
2772 428 2926 482 αὐτοί
2978 443 3068 498 μοι
3112 425 3268 480 τοῦτο
3311 425 3662 484 συνίσασιν.

358 540 561 595 ntih‘tes
589 542 795 605 cogunt
814 547 923 594 me,
954 539 1015 585 ut
1045 529 1262 585 civilem
1294 526 1424 580 mihi
1452 526 1751 595 potentiam
1777 539 1874 579 ass]

2142 522 2173 575 ἀ
2219 521 2493 590 βιάζονται
2524 518 2673 589 σφῶν
2712 520 2875 573 ἕνεκα
2906 520 3079 572 ποιεῖν
3120 534 3175 569 τι
3213 516 3309 569 καὶ
3337 513 3658 569 ἀκούσιον.

360 643 539 692 mam;
574 625 641 680 ad
665 604 829 694 quam
866 620 1095 674 minime
1120 632 1153 671 ι
1197 622 1395 671 natura
1429 622 1810 683 comparatum
1852 628 1876 665 ιι

2149 635 2150 644 ι
2178 607 2272 664 οὖν
2298 612 2346 663 εί
2375 610 2559 681 δοκοίη
2598 627 2681 664 σοι
2709 608 2869 663 τοῦτο
2895 612 3090 674 ποιεῖν,
3117 605 3422 676 ἐπιτρέπω.
3446 604 3665 673 Πρόσ-

358 734 482 774 esse
508 717 625 773 scio
668 734 681 769 :
715 723 878 784 atque
899 712 1005 766 hoc
1042 722 1255 763 mecum
1288 705 1366 760 illi
1411 704 1545 760 satis
1586 704 1871 774 intelligun

2144 702 2157 755 ί
2195 719 2286 773 μοι
2322 702 2413 756 τὸν
2447 701 2593 774 ἱερὸν
2625 704 2838 772 ἑταῖρον
2868 702 2961 754 τὸν
2986 700 3247 761 διάκονον,
3292 697 3387 750 καὶ
3414 712 3660 765 γυμνα-

360 809 456 865 sed
488 815 681 877 suapte
710 820 879 861 causa
912 803 1000 858 vel
1030 802 1262 857 invitum
1291 796 1573 868 quidpiam
1606 813 1767 868 agere
1793 812 1876 850 σοι

2144 793 2216 846 θω
2255 794 2394 865 πρὸς
2434 793 2840 863 ἀνταγωνιστὴν
2882 792 3072 845 ἱππέα.
3110 788 3531 860 Προσαγορεύει
3593 802 3660 838 σε

361 900 593 971 pellunt.
626 897 991 965 Quamobrem
1024 895 1071 949 si
1102 894 1177 946 ita
1201 891 1297 946 tibi
1333 888 1643 945 faciendum
1700 890 1877 944 videtu

2147 903 2149 910 '
2186 901 2288 954 μου
2313 887 2342 937 ό
2373 881 2543 948 οἶκος,
2569 883 3007 955 προσγενομένου
3033 880 3181 950 αὑτῷ
3206 880 3299 933 νῦν
3326 880 3427 932 καὶ
3464 880 3504 930 Ἰ
3515 878 3663 930 σίω-

362 970 505 1046 facio
541 998 884 1060 potestatem.
914 985 1157 1042 Salutem
1188 998 1311 1037 meo
1346 982 1568 1036 nomine
1608 980 1779 1034 dicito
1809 981 1878 1035 rel

2143 1015 2151 1038 ,
2190 976 2251 1029 δν
2288 976 2501 1041 ἐπόθεις
2534 977 2642 1030 ἀπὸ
2670 977 3024 1047 διηγημάτων
3062 976 3194 1045 (85),
3230 974 3288 1037 ὃς
3324 970 3510 1035 αἴτιός
3550 987 3659 1040 μοι

362 1082 517 1151 gioso
546 1080 745 1144 sodali,
779 1077 1035 1141 diacono,
1071 1072 1165 1145 qui
1212 1071 1432 1143 quidem
1464 1080 1654 1125 contra
1685 1070 1878 1125 advers

2143 1085 2233 1121 ονε
2261 1070 2359 1140 τῆς
2389 1067 2648 1136 ἀγεννοῦς
2674 1069 2769 1121 καὶ
2789 1066 3114 1136 ἀφιλοσόφου
3141 1066 3252 1119 τῶν
3274 1063 3659 1136 γραμμάτων

363 1173 505 1225 rium
546 1172 785 1239 equitem
839 1175 1063 1223 strenue
1121 1178 1245 1219 sese
1298 1170 1571 1216 exerceat.
1625 1158 1841 1215 Salutat

2141 1161 2314 1230 ήσεως
2352 1162 2490 1230 πρὸς
2536 1163 2661 1226 τοὺς
2703 1162 3000 1233 ἄρχοντας,
3039 1160 3394 1228 καταδεηθεὶς
3426 1158 3506 1212 τὰ
3538 1157 3657 1228 μὲν

362 1264 618 1318 universa
648 1268 837 1315 nostra
877 1257 1081 1312 familia
1104 1273 1120 1323 ;
1142 1255 1211 1310 ad
1244 1268 1407 1325 quam
1442 1251 1642 1307 isionis
1694 1266 1878 1307 access

2140 1250 2466 1322 ῖοπρόσωπος
2507 1252 2647 1323 ὑπὲρ
2686 1254 2922 1306 πολλῶν·
2967 1252 3037 1305 τά
3073 1251 3130 1305 δὲ
3158 1250 3223 1303 δι’
3255 1244 3331 1303 ὧν
3367 1250 3656 1319 ἐκόμισεν

365 1355 509 1409 facta
544 1360 651 1417 est,
675 1366 836 1421 quem
865 1359 920 1403 tu
953 1347 1021 1402 ab
1052 1346 1189 1401 actis
1230 1344 1588 1399 desiderabas
1622 1360 1635 1397 :
1664 1341 1754 1411 qui
1804 1342 1876 1395 mi

2137 1343 2365 1401 στολῶν.
2393 1347 2504 1399 Καὶ
2536 1341 2691 1410 οὗτος
2723 1341 2817 1400 οὖν
2849 1363 2907 1399 σε
2946 1344 3109 1416 μέχρι
3142 1343 3243 1413 τῆς
3273 1341 3653 1412 διηγορευμέ-

365 1447 572 1516 ignavae
619 1453 674 1498 et
726 1441 964 1509 indignae
997 1435 1321 1507 philosopho
1341 1434 1647 1488 litterarum
1676 1433 1741 1485 ad
1774 1447 1881 1503 mag

1201 1435 1321 1505 ipho
1341 1434 1647 1488 litterarum
1676 1433 1741 1485 ad
1774 1432 1944 1503 magi-
2050 1452 2149 1506 νης
2176 1437 2389 1500 εικάδος
2411 1439 2717 1509 περιμένει.

366 1546 573 1593 stratus
632 1532 1021 1606 postulationis
1066 1544 1295 1584 causam
1349 1528 1611 1598 praebuit;
1668 1543 1792 1581 cum
1829 1543 1916 1582 me
1955 1534 2153 1597 partim
2207 1546 2394 1587 coram
2460 1548 2559 1603 pro
2602 1533 2793 1588 multis
2840 1531 3228 1602 interpellaret,
3278 1527 3486 1599 partim
3542 1540 3652 1597 per

366 1632 598 1697 litteras,
630 1644 771 1702 quas
804 1629 922 1699 ipse
948 1624 1245 1681 deferebat.
1306 1621 1373 1676 Et
1423 1623 1471 1679 is
1537 1638 1755 1694 quoque
1796 1631 1849 1678 te
1884 1638 2055 1693 usque
2086 1627 2153 1681 ad
2205 1628 2517 1683 condictum
2583 1627 2746 1695 diemf
2778 1628 3097 1681 vicesimqu
3142 1632 3446 1694 exspectat.

850 1743 1184 1801 EPISTOLA
1224 1741 1454 1799 CXLIV.
1972 1753 2015 1808 Β

1972 1753 2015 1808 Β
2578 1745 2927 1800 ΕΠΙΣΤΟΛΗ
2966 1745 3092 1798 MA’.

1060 1834 1269 1888 Eidem.

2688 1837 2774 1903 Τῷ
2812 1834 2989 1900 αὐτῷ.

390 1948 391 1951 ‘
440 1932 647 1987 Servus
677 1928 905 1999 quidam
950 1941 1108 1982 meus
1148 1925 1400 1996 aufugit,
1437 1938 1547 1978 non
1589 1937 1655 1979 ex
1704 1924 1906 1992 patern‘

2134 1931 2355 2001 Οἰκέτης
2382 1931 2512 2003 ἐμὸς
2551 1930 2964 2001 ἐδραπέτευσεν,
2999 1928 3057 1980 οὐ
3098 1924 3203 1978 τῶν
3233 1922 3507 1994 πατρῴων
3530 1922 3650 1975 τῶν

367 2025 547 2089 meis,
584 2032 679 2077 aut
708 2020 804 2092 qui
834 2020 944 2075 alia
973 2018 1187 2074 ratione
1222 2030 1437 2071 mecum
1486 2030 1597 2069 una
1646 2024 1776 2070 sunt
1815 2014 1881 2068 ed

2134 2023 2239 2087 ὦν,
2269 2024 2387 2076 οὐδὲ
2439 2024 2549 2076 τῶν
2602 2021 2777 2084 ἄλλως
2817 2019 3225 2090 συντραφέντων
3263 2017 3406 2087 ἐμοί.
3453 2017 3650 2083 Ἀγω-

367 2114 479 2171 cati
516 2133 529 2168 :
563 2114 599 2168 ii
625 2113 769 2167 enim
800 2110 1101 2166 liberaliter
1146 2108 1421 2174 instituti,
1451 2121 1514 2160 ac
1553 2122 1722 2177 prope
1756 2121 1883 2175 aequ;

2134 2132 2158 2179 ς
2201 2115 2311 2186 γὰρ
2355 2113 2655 2185 ἐλευθερίου
2703 2113 3097 2183 μετασχόντες,
3132 2109 3225 2162 καὶ
3277 2107 3480 2179 μικροῦ
3535 2107 3650 2159 δέω

369 2218 586 2261 mecum
615 2204 826 2258 honore
854 2200 1063 2267 habiti,
1094 2206 1359 2269 tanquam
1390 2214 1457 2252 ex
1486 2198 1755 2252 electione
1785 2197 1885 2267 imp

2133 2223 2233 2274 γειν
2268 2208 2326 2259 ἐν
2362 2206 2645 2275 ὁμοτίμοις
2691 2203 2968 2274 ἀγόμενοι,
3011 2200 3251 2272 φιλοῦσιν
3289 2200 3363 2263 ὡς
3414 2198 3649 2267 αἱρετὸν

368 2306 583 2351 rantem
627 2300 816 2349 amant
852 2292 1071 2362 potius,
1115 2304 1280 2361 quam
1327 2290 1472 2343 velut
1512 2303 1578 2343 ex
1623 2289 1739 2356 lege
1779 2287 1884 2341 don

2129 2313 2289 2366 χοντα
2339 2295 2558 2365 μᾶλλον,
2599 2294 2633 2365 ἥ
2709 2293 2943 2347 δεδίασιν
2993 2293 3070 2355 ὡς
3123 2292 3271 2360 νόμῳ
3324 2288 3645 2356 δεςπότηνο

370 2404 502 2444 num
532 2387 935 2451 reformidant;
967 2383 1060 2440 sed
1094 2381 1444 2437 Philoromus
1471 2379 1611 2450 (hoc
1634 2380 1777 2434 enim
1814 2378 1886 2447 fug

2132 2388 2171 2441 λ’
2211 2389 2239 2441 ὁ
2267 2387 2579 2458 Φιλύρωμος
2605 2385 2785 2455 (τοῦτο
2818 2385 2923 2457 γὰρ
2948 2385 3116 2454 ὄνομα
3138 2383 3214 2454 τῷ
3252 2380 3523 2453 δραπέτῃ)
3538 2381 3648 2450 τῆς

370 2482 486 2535 tivo
534 2494 735 2535 nomen
767 2477 887 2545 est)
915 2474 1262 2531 consobrina:
1293 2486 1427 2526 mea:
1455 2470 1648 2525 Amelii
1680 2468 1804 2523 filia:
1834 2484 1886 2523 se

2129 2479 2343 2549 ελφιδῆς
2384 2495 2485 2547 μου
2520 2478 2618 2548 τῆς
2664 2476 2912 2547 Ἀμελίου
2952 2475 3216 2546 θυγατρὸς
3260 2475 3477 2543 οἰκέτης
3537 2472 3645 2535 ὣν,

369 2588 507 2636 vus,
540 2572 634 2641 qui
694 2584 852 2624 meus
895 2568 1116 2638 quidem
1161 2572 1383 2635 propter
1427 2562 1573 2616 illam
1619 2560 1798 2616 factus
1844 2576 1885 2616 e:

2131 2569 2187 2633 δς
2228 2569 2435 2638 γίνεται
2488 2566 2555 2621 δι’
2605 2568 2838 2638 ἐκείνης.
2888 2566 3121 2640 Τραφεὶς
3170 2566 3226 2619 δὲ
3258 2564 3495 2635 ἐκμελὴς
3546 2565 3647 2616 καὶ

375 2664 484 2718 Sed
512 2678 638 2718 cum
671 2661 963 2724 dissolute,
989 2673 1052 2711 ac
1081 2657 1220 2712 citra
1247 2655 1593 2725 disciplinam
1632 2661 1779 2709 esset
1820 2652 1884 2707 ed

2132 2662 2369 2729 ἀγωγος,
2395 2659 2680 2728 φιλόσοφον
2706 2660 2799 2712 καὶ
2827 2657 3147 2726 Λακωνικὴν
3178 2656 3498 2709 ἐπιστασίαν
3539 2655 3648 2707 οὐκ

371 2762 554 2818 catus,
591 2751 925 2824 philosopho
965 2749 1194 2819 dignum
1231 2754 1286 2801 et
1331 2745 1661 2800 Laconicum
1706 2745 1887 2816 regium

2132 2769 2253 2820 εγκε
2286 2768 2301 2784 ο
2345 2753 2440 2804 καὶ
2498 2751 2592 2804 νῦν
2649 2752 2762 2804 ἀντ’
2808 2750 2942 2821 ἐμοῦ
3007 2748 3270 2818 δεσπότην
3333 2747 3648 2818 εὑράμενος

374 2860 486 2899 non
515 2845 672 2907 tulit;
707 2850 761 2897 et
788 2855 936 2896 nunc
963 2836 1397 2893 Alexandrinum
1430 2850 1530 2905 pro
1555 2850 1639 2889 me
1666 2834 1890 2889 dominu

2126 2843 2442 2916 λεξανδρέα,
2484 2845 2791 2916 περινοστεῖ
2826 2843 2940 2913 μετ’
2973 2842 3180 2894 ἐκείνου
3213 2842 3310 2909 τὴν
3341 2841 3642 2907 Αἴγυπτον.

376 2945 599 3000 nactus,
633 2951 761 2990 cum
809 2950 876 2989 eo
922 2931 1219 3002 Egyptum
1269 2937 1545 3001 peragrat.
1592 2927 1892 2999 llarpocrat

2132 2936 2476 3008 ρποκρατίων
2504 2936 2588 2998 τίς
2612 2937 2726 2987 ἐστι
2752 2934 2859 2987 τῶν
2883 2931 3271 3006 Ἡρακλειανοῦ
3298 2931 3641 3002 δορυφόρων,

375 3027 599 3098 quidam
628 3037 715 3081 est
743 3023 1055 3080 Heracliani
1083 3021 1405 3089 satellitum,
1432 3036 1497 3077 ex
1521 3036 1711 3076 eorum
1740 3020 1891 3075 ordin

2129 3006 2208 3095 ξεν
2267 3028 2404 3099 ἔχων
2453 3026 2532 3097 τῷ
2594 3026 2772 3097 βοηθῷ
2835 3026 3069 3095 βοηθεῖν.
3129 3025 3194 3077 Ἦ
3246 3023 3355 3096 γὰρ
3413 3024 3645 3076 σουδα-

374 3118 468 3188 qui
517 3116 800 3186 adjutores
849 3113 1133 3184 adjuvant.
1185 3112 1306 3168 Vox
1347 3112 1495 3167 enim
1542 3111 1851 3181 Subadjuva

2124 3121 2267 3171 ουόα
2330 3117 2475 3182 λέξις
2518 3117 2631 3187 (84)
2690 3115 2850 3169 τοῦτο
2910 3114 3231 3187 ἑρμηνεύειν
3299 3113 3640 3167 πιστεύεται.

376 3210 688 3281 signiﬁcare
736 3207 1005 3262 creditur.
1049 3204 1209 3277 Apud
1256 3204 1404 3260 hunc
1451 3204 1802 3259 Philoromus
1847 3220 1892 3260 es

2122 3208 2246 3279 δύτῳ
2303 3208 2549 3262 σύνεστιν
2578 3208 2606 3259 ὁ
2659 3206 2990 3277 Φιλόρωμος.
3045 3204 3238 3274 Κάγὼ,
3285 3205 3348 3258 τό
3389 3204 3442 3273 γ’
3482 3204 3638 3274 ἐμὸν,

377 3300 493 3370 Ego
511 3313 660 3360 vero,
684 3296 832 3368 quod
857 3296 923 3351 ad
949 3310 1035 3351 me
1063 3295 1281 3356 attinet,
1300 3294 1483 3348 valere
1506 3292 1657 3346 illum
1680 3292 1893 3361 juberel

2125 3315 2218 3351 ισα
2254 3297 2320 3352 ἂν
2358 3298 2570 3369 χαίρειν
2619 3298 2800 3351 αὐτόν.
2840 3297 2949 3350 Ποῦ
2999 3296 3105 3369 γὰρ
3150 3295 3370 3363 εὔλογον
3413 3297 3504 3348 τὸν
3538 3295 3641 3364 μὲν

376 3391 482 3457 Qui
513 3391 659 3445 enim
705 3387 989 3450 convenit,
1022 3386 1350 3441 deteriorem
1392 3383 1529 3439 nihil
1571 3398 1712 3454 opus
1753 3382 1892 3437 habe

2127 3388 2227 3459 ίρω
2261 3389 2371 3441 τῶν
2412 3388 2697 3459 βελτιόνων
2735 3386 2808 3458 μὴ
2838 3387 3064 3452 δεῖσθαι,
3103 3388 3227 3450 τοὺς
3263 3386 3319 3440 δὲ
3361 3385 3641 3456 βελτίονας

377 3480 737 3536 melioribus:
771 3480 934 3549 282
966 3494 1063 3535 eos
1091 3492 1223 3533 vero
1244 3517 1260 3541 ,
1290 3475 1385 3547 qui
1435 3491 1495 3530 se
1535 3474 1793 3529 meliores
1834 3490 1892 3529 es

2120 3478 2452 3547 ιολογοῦντας
2508 3475 2668 3545 εἶναι,
2704 3477 2912 3531 δεῖσθαι
2949 3476 3041 3530 τοῦ
3098 3476 3374 3547 χείρονος;
3422 3474 3563 3527 Ἀλλ’
3602 3476 3636 3544 ἡ

378 3571 728 3642 profitentur,
761 3586 899 3639 opus
922 3570 1125 3625 habere
1151 3566 1557 3623 deterioribus?
1583 3566 1689 3621 Sed
1720 3564 1894 3620 infclit

2125 3586 2316 3621 σποινα
2368 3568 2460 3621 τοῦ
2524 3568 2917 3638 κακοδαίμονος
2979 3566 3129 3619 οὔπω
3180 3566 3427 3618 πείθεται
3491 3564 3634 3616 πάνυ

380 3662 532 3718 illius
560 3661 692 3715 hera
723 3660 966 3715 nondum
998 3661 1224 3715 omnino
1251 3658 1448 3715 adduci
1476 3665 1658 3728 potest
1685 3665 1745 3713 ut
1779 3658 1890 3728 phil

2118 3662 2387 3732 ,liococps't'v,
2418 3662 2558 3715 ὥστε
2592 3664 2950 3731 καταφρονεῖν
2977 3659 3085 3713 τῶν
3109 3660 3209 3713 οὐκ
3236 3657 3634 3727 ἀντεχομένων,

382 3753 680 3823 sopiretur;
711 3753 785 3807 ita
818 3762 875 3807 ut
896 3767 960 3808 ea
986 3759 1339 3818 contemnat,
1366 3766 1487 3823 quae
1514 3751 1739 3805 minime
1766 3752 1830 3805 ad
1858 3768 1898 3805 ni

2122 3755 2154 3807 tl
2174 3754 2472 3825 κατεδεήθη
2507 3754 2675 3807 πολλὰ
2709 3753 2965 3823 σταλῆναι
2986 3754 3109 3814 τοὺς
3139 3749 3502 3815 ἐπανάξοντας
3535 3749 3638 3803 ab.

382 3842 809 3898 adhaerescunt:
862 3858 1188 3914 summoque
1228 3858 1258 3897 a
1309 3858 1395 3899 me
1433 3857 1601 3913 opere
1643 3845 1898 3897 contendi

2119 3863 2171 3898 ην.
2208 3845 2449 3914 ’Υπέστη
2489 3845 2547 3897 δὲ
2578 3846 2677 3916 τὴν
2701 3844 2992 3916 ὑπερεσίαν
3019 3843 3334 3914 αὐθαίρετος
3373 3842 3402 3892 ὁ
3430 3840 3635 3909 σύσκη-

382 3941 442 3987 ut
472 3934 691 4003 aliquos
724 3934 1032 4000 mitterem,
1061 3934 1157 4005 qui
1188 3934 1342 3989 illum
1375 3948 1406 3988 a
1433 3933 1561 4005 fuga
1586 3935 1898 3989 retrahercn

2123 3954 2151 3999 ς
2197 3935 2355 4006 ήμῶν
2406 3934 2705 4006 Ἀειθαλὴς,
2750 3936 2808 3989 ὃν
2847 3933 2957 4002 ἐγὼ
2992 3932 3112 4003 Θεῷ
3160 3950 3218 3984 τε
3252 3931 3477 4002 ἡγεμόνι
3506 3929 3638 4000 θαρ-

380 4021 557 4089 Quam
587 4024 809 4095 quidem
838 4026 1179 4094 provinciam
1211 4025 1266 4079 in
1312 4040 1372 4080 se
1417 4024 1625 4096 recepit
1660 4025 1896 4079 contube

2123 4027 2173 4080 ὸν
2209 4026 2442 4091 ἔστειλα,
2475 4027 2568 4079 καὶ
2610 4026 2955 4098 ἀνθρωπίνην
2991 4024 3308 4094 ἐπικουρίαν
3338 4020 3639 4091 ὑποσχόμε-

380 4113 526 4169 nalis
569 4129 726 4169 meus
756 4114 1038 4181 Aithales;
1070 4131 1230 4186 quem
1261 4131 1364 4186 ego
1392 4123 1446 4170 et
1472 4116 1610 4170 duce
1646 4116 1754 4170 Deo
1782 4114 1896 4169 frctl

2115 4135 2152 4180 ις
2168 4117 2266 4189 τὴν
2283 4119 2432 4187 παρὰ
2466 4118 2578 4171 σοῦ.
2612 4118 2713 4188 Είη
2744 4134 2826 4171 σοι
2857 4116 2955 4186 τὴν
2986 4115 3273 4185 ἐπιστολὴν
3297 4112 3631 4181 ἐπιδοθῆναι·

381 4205 569 4259 dimisi
600 4222 615 4270 ;
646 4212 700 4258 et
724 4204 1023 4259 humanum
1053 4207 1101 4260 ei
1132 4221 1254 4260 sum
1288 4221 1317 4259 a
1349 4213 1401 4260 te
1444 4204 1751 4260 subsidium
1798 4207 1897 4276 poli

2115 4206 2135 4259 ὶ
2170 4207 2227 4259 δὲ
2277 4206 2563 4273 ἐντεῦθεν,
2602 4208 2790 4277 ἐπειδὴ
2833 4206 3177 4275 παρείληφας
3214 4203 3313 4273 τὴν
3350 4200 3631 4264 ὑπόθεσιν,

383 4296 547 4350 citus.
599 4295 837 4351 Tantum
892 4296 1061 4366 igitur
1116 4296 1199 4351 ba:
1248 4297 1344 4351 tibi
1396 4296 1452 4349 in
1511 4311 1709 4351 manus
1765 4296 1899 4350 litter

1863 4311 1959 4351 arm.
1994 4291 2034 4343 Π
2061 4298 2200 4368 Θεῷ,
2235 4299 2330 4351 καὶ
2370 4298 2518 4369 αὐτῷ
2560 4316 2662 4364 σοι,
2700 4298 2796 4350 καὶ
2831 4295 3095 4350 ’Λειθαλεί
3138 4293 3379 4365 μελήσει.

384 4385 626 4438 dentur:
695 4393 933 4449 caetera,
995 4391 1285 4455 postquam
1344 4395 1729 4455 argumentum
1798 4400 1960 4441 omne
2026 4389 2358 4459 percepisti,
2432 4388 2576 4454 Deo,
2640 4403 2702 4441 ac
2761 4388 2857 4442 tibi
2914 4387 3053 4458 ipsi,
3105 4394 3159 4440 ct
3214 4383 3445 4438 Aitlialis
3495 4396 3634 4435 cura:

388 4476 665 4546 permitto.

870 4561 1202 4619 EPISTOLA
1245 4563 1448 4620 CXLV.

2577 4563 2919 4616 ΕΠΙΣΤΟΛΗ
2963 4563 3142 4615 PME'.

1076 4651 1285 4707 Eidem.

2709 4653 2797 4718 Τῷ
2827 4653 3007 4718 αὐτῷ.

424 4780 427 4783 ‹
457 4745 596 4798 Cum
625 4760 727 4814 ego
758 4746 929 4800 multo
955 4753 1083 4799 ante
1110 4754 1362 4800 sanctum
1391 4746 1633 4801 animum
1660 4754 1816 4801 tuum
1845 4761 1940 4801 cor

2154 4743 2531 4816 Ἐπιθυμήσας
2585 4746 2891 4817 ἀρρενῶσαι
2933 4748 3034 4817 τὴν
3067 4747 3217 4817 ίεράν
3249 4764 3340 4800 σου
3368 4747 3538 4819 ψυχὴν
3560 4752 3630 4820 τῷ

386 4836 651 4893 roborarc
692 4851 989 4907 cuperem,
1030 4837 1324 4892 vehemens
1368 4837 1498 4892 illud
1547 4846 1703 4893 tuum
1733 4854 1902 4894 consu

2116 4837 2139 4889 ι’
2188 4837 2484 4890 ἐπιστολῶν
2519 4837 2815 4907 ἐπιπλῆξαι
2878 4838 2957 4910 τῷ
3013 4838 3233 4910 σφοδρῷ
3287 4841 3387 4911 τῆς
3435 4844 3512 4905 εἰς
3543 4844 3632 4915 τὴν

1625 5034 1808 5089 DION.
1848 5033 2128 5091 PETAVII
2159 5032 2393 5090 ΝΟΤίΕ.

458 5210 589 5282 (85)
637 5212 718 5262 Ον
744 5208 980 5282 ἐπόθεις
1014 5208 1556 5282 ἁπὸδιηγημάτων.
1601 5209 1791 5282 Magna
1832 5209 1966 5264 mihi

2110 5223 2188 5282 im
2249 5208 2685 5282 praescribebant
2724 5217 2781 5265 et
2812 5209 3136 5282 redigebant
3186 5214 3241 5268 in
3301 5217 3626 5272 memoriam.

389 5281 631 5350 suspicio
667 5288 749 5333 est
780 5279 894 5355 ᾲπδ
910 5278 1278 5355 διηγημάτων
1299 5278 1458 5355 cilicii
1483 5278 1770 5355 quoddam
1793 5296 1967 5351 genus
2062 5279 2191 5355 Fuit
2229 5278 2414 5334 autem
2452 5278 2812 5335 Heraclianus
2858 5278 2957 5335 vir'
2981 5284 3292 5355 nobilis.iet
3319 5286 3628 5355 pra-lectura

389 5349 534 5410 esse.
560 5350 837 5424 quomodo
876 5349 1070 5424 Latine
1107 5367 1152 5424 a_
1188 5352 1423 5424 consiliis
1463 5352 1718 5424 dicimus,
1753 5349 1969 5403 a'com-
2064 5351 2248 5424 aliqua
2275 5358 2528 5424 ornatus,
2572 5359 2629 5424 ut
2667 5365 2735 5424 es
2755 5354 3004 5424 sequenti
3034 5349 3488 5424 cpistolaji'quet.

389 5420 691 5493 mentariis,
712 5418 776 5471 ab
792 5420 966 5493 Διιειίε,
996 5428 1104 5493 et_c.
1118 5421 1296 5493 έιηγή
1307 5437 1450 5493 ματα
1474 5420 1667 5493 Latine
1694 5429 1829 5493 acto
1846 5437 1905 5493 ve

2138 5419 2265 5493 (8§)_
2294 5420 2357 5473 Ἠ
2415 5420 2527 5488 γᾶρ
2578 5418 2983 5493 Σουϐαδίουρα
3030 5418 3239 5493 λέξις,
3274 5418 3626 5493 Subadjuvam

392 5496 506 5560 tere
534 5490 748 5560 possis.
789 5488 880 5542 Sic
921 5487 1065 5560 apud
1118 5487 1388 5560 Theudor.
1431 5490 1465 5542 I.
1498 5506 1532 5543 ιι
1579 5489 1782 5560 ﬁcales.
1810 5491 1965 5560 Irish,
2065 5487 2632 5560 JuStiniauusivocat.
2664 5493 2819 5558 quasi
2857 5489 3126 5558 adjutoris
3157 5487 3487 5560 adjtitoretn.
3509 5494 3627 5549 Nam

278 5628 281 5631 δ
390 5557 702 5631 διηγήματα
736 5574 834 5631 pro
861 5559 998 5612 actis
1036 5558 1254 5611 consilii
1310 5567 1623 5631 sumuntur.
1668 5557 1823 5631 Unde
1856 5558 1964 5613 ἀπὸ
2070 5560 2336 5631 magister
2370 5557 2695 5631 ofﬁciorum;
2740 5557 3047 5631 adjutorem
3117 5557 3331 5631 habuit,
3385 5566 3472 5621 cui
3516 5568 3617 5621 sub

391 5614 750 5698 διήγημάτων
767 5628 1028 5682 dicuntur
1064 5636 1407 5696 cxceptorcs,
1429 5630 1521 5697 qui
1561 5639 1682 5682 acta
1719 5628 1957 5699 judicio-
2070 5614 2284 5699 adjuvari
2308 5614 2615 5685 dati.’Vide
2646 5614 2909 5684 Notitiam
2947 5627 3145 5686 Inmer.
3191 5614 3399 5687 Orie'm.
