3838 6236
157 247 295 302 1541

1271 234 1658 291 EPISTOLIE.
1702 265 1771 276 —
1803 233 2018 288 EPIST.
2059 232 2286 288 CXLVI.

3277 237 3422 292 1542

157 361 463 431 συντυχίαν
494 359 657 431 ἡμῶν
704 359 1038 423 συστάσεως,
1075 354 1256 423 πολλῷ
1302 355 1568 426 πρότερον
1624 354 1716 423 (85

1848 352 2055 406 tudinis
2095 359 2300 407 nostra:
2324 350 2655 407 desiderium
2685 367 2783 423 per
2807 352 3017 409 litteras
3045 355 3377 425 redargueus
3401 368 3418 407 :

158 453 266 506 ὑπὸ
294 452 387 504 τοῦ
411 450 797 521 κατακλυσμοῦ
822 449 929 502 τῶν
954 449 1012 502 ἐν
1049 449 1168 510 ταῖς
1192 445 1503 508 ἐπιστολαῖς
1540 444 1743 511 ἰΰγγων

156 544 321 606 αὐτὸς
355 541 675 612 ἐθηλύνθην,
711 543 804 595 καὶ
854 540 971 611 εἰμί
1022 537 1117 593 νῦν
1162 537 1423 603 τοιοῦτος,
1460 537 1628 604 ὁποίῳ
1661 553 1743 589 σοι

153 634 479 704 τυγχάνοντι
505 631 767 702 πρότερον
798 631 1106 685 ἐνεκάλουν.
1133 625 1260 700 ’Ἆρ’
1283 624 1376 681 οὖν
1405 626 1625 695 ἀγαθῶν
1654 644 1741 697 μοι

158 725 414 795 μεγάλων
461 722 633 786 αἴτιος
689 724 717 775 ὁ
771 721 1074 792 θαυμάσιος
1142 718 1557 791 Ἑρκουλιανὸς,
1598 718 1741 771 οὕτω

150 818 253 887 τὴν
277 816 413 887 ἐμὴν
450 815 628 887 ψυχὴν
659 816 968 886 ἀναρτήσας
998 810 1210 876 ἐαυτοῦ,
1238 812 1332 864 καὶ
1366 809 1736 873 καταϐιϐάσας

150 909 247 962 τοῦ
276 908 593 977 φιλοσοφίας
639 906 985 976 ἀξιώματος;
1020 904 1163 973 Ἐγὼ
1194 904 1293 975 μὲν
1339 904 1400 956 οὐ
1430 903 1496 955 δι’
1527 902 1659 955 ἄλλο
1686 919 1739 956 τι

148 999 252 1061 τὰς
281 998 545 1068 Σειρῆνας
580 997 683 1050 ὑπὸ
709 996 818 1051 τῶν
860 994 1099 1067 ποιητῶν
1137 994 1377 1064 ἡγοῦμαι
1402 994 1739 1065 βλασφημεῖ-

151 1091 301 1154 σθαι,
332 1090 364 1161 ἢ
395 1090 476 1144 ὅτι
512 1089 591 1161 τῷ
628 1089 868 1161 μελιχρῷ
893 1090 990 1159 τῆς
1018 1088 1200 1158 φωνῆς
1230 1087 1532 1154 ἀπώλλυον,
1566 1104 1735 1158 προσ-

146 1179 517 1249 αγόμεναιτὸν
547 1178 1188 1233 πιστεύσαντα.Ἦκουσα
1213 1177 1270 1231 δέ
1296 1195 1389 1232 του
1419 1177 1527 1231 τῶν
1556 1177 1735 1245 σοφῶν

146 1269 247 1321 καὶ
268 1268 701 1340 ἀλληγοροῦντος
746 1268 834 1321 τὸν
868 1266 1053 1338 μῦθον.
1102 1268 1368 1339 Σειρῆνας
1409 1268 1516 1339 γάρ
1563 1268 1733 1332 αὑτὰς

145 1359 482 1414 αἰνίττεσθαι
537 1360 636 1424 τὰς
678 1359 1082 1423 ἀπολαυστικάς
1121 1360 1335 1430 ἡδονὰς,
1372 1359 1429 1414 αἳ
1482 1359 1608 1422 τοὺς
1652 1358 1731 1410 εῖ-

1844 460 1992 498 nunc
2025 444 2405 500 illecebrarum
2430 485 2446 512 ,
2474 460 2596 514 qua:
2627 446 2684 499 iu
2717 446 2826 501 tuis
2854 446 3054 502 litteris
3081 448 3305 511 insunt,
3333 463 3421 503 re-

1842 536 2126 593 dundante
2171 539 2329 608 copia
2378 537 2588 596 fractus
2637 540 2785 611 ipse,
2835 549 2891 596 et
2930 543 3208 599 emollitos
3252 562 3421 612 sum;

1840 638 1897 684 et
1926 629 2087 685 modo
2116 631 2283 686 talem
2312 647 2396 687 me
2428 632 2646 687 invenio
2665 673 2680 697 ,
2710 636 2889 700 qualis
2920 644 3083 691 antea
3111 656 3234 694 cum
3261 658 3420 697 esses

1840 726 1949 775 tete
1999 721 2483 791 reprehenderem.
2533 723 2672 779 Num
2717 727 2884 797 igitur
2929 729 3233 799 ingentium
3278 733 3415 789 mihi

1838 809 2109 866 honorum
2151 827 2320 869 causa
2349 816 2603 885 egregius
2631 815 3000 883 Herculianus
3024 823 3276 884 exstitit.
3316 827 3412 894 qui

1840 901 2082 957 animum
2116 918 2295 959 meum
2325 906 2462 959 adeo
2493 907 2596 962 sibi
2627 906 2966 974 devinxerit,
3006 921 3173 984 atque
3210 930 3240 968 a
3284 917 3413 986 phi-

1838 993 2104 1063 losOphiae
2131 995 2396 1066 dignitate
2435 997 2741 1065 deiecerit?
2785 1000 3051 1072 Equidem
3078 1021 3206 1068 non
3246 1008 3409 1062 aliam

1837 1084 1907 1137 ob
1939 1099 2165 1139 causam
2199 1086 2439 1140 arbitror
2475 1086 2702 1145 Sirenas
2746 1099 3033 1161 poetarum
3082 1096 3300 1164 probris
3345 1114 3411 1153 ac

1836 1174 2144 1230 maledictis
2171 1177 2473 1246 exagitari,
2498 1194 2660 1247 quam
2691 1182 2837 1251 quod
2866 1182 3071 1238 mellita
3104 1187 3254 1242 vocis
3288 1203 3413 1242 sua-

1833 1262 1999 1318 vitate
2031 1263 2311 1319 interitum
2351 1266 2683 1332 afferebant,
2723 1285 2846 1324 cum
2895 1288 3018 1327 eum
3069 1273 3410 1341 illexissent,

1835 1356 1928 1424 qui
1980 1356 2048 1411 iis
2097 1356 2257 1411 ﬁdem
2306 1358 2612 1414 habuisset.
2649 1361 2869 1416 Memini
2922 1380 3053 1419 vero
3092 1366 3179 1421 me
3218 1371 3411 1424 nescio

144 1450 347 1516 ξαιντας
372 1490 387 1516 ,
423 1451 517 1504 καί¹
560 1450 1107 1521 καταγοητευθέντας
1136 1449 1313 1503 αὐτῶν
1343 1448 1423 1520 τῷ
1474 1450 1721 1519 προσηνεῖ

1832 1461 1992 1514 quem
2022 1446 2152 1500 olim
2184 1446 2375 1502 audire
2402 1450 2742 1518 Sapientem,
2772 1453 2864 1521 qui
2900 1454 2981 1508 sic
3011 1452 3212 1511 fabula:
3243 1458 3410 1516 istius

143 1544 290 1613 μετά
340 1543 532 1614 μικρὸν
582 1543 929 1596 ἀπολλύουσι.
972 1542 1035 1595 Τί
1083 1539 1176 1596 οὖν
1229 1541 1548 1595 ἀποδέουσιν
1594 1536 1721 1592 εἶναι

1834 1537 2143 1607 allegoriam
2176 1549 2486 1594 enarraret.
2532 1540 2748 1595 Etenim
2782 1542 3008 1601 Sirenas
3040 1548 3224 1603 aiebat
3252 1550 3408 1604 volu-

140 1632 406 1704 Σειρῆνες
438 1633 495 1685 αἰ
526 1631 634 1684 τῶν
690 1632 798 1685 σῶν
847 1630 1145 1685 ἐπιστολῶν
1174 1631 1392 1703 ἡδοναὶ,
1425 1632 1497 1699 ὑφ
1523 1626 1596 1682 ὧν
1620 1628 1721 1697 ἐγὼ

1833 1637 2012 1696 ptates
2041 1629 2164 1685 illas
2192 1631 2532 1700 significare,
2576 1633 2778 1702 quibus
2818 1633 3090 1706 fruimur;
3124 1656 3245 1710 quas
3274 1657 3405 1697 suc-

134 1725 209 1777 τὸ
234 1724 488 1795 ἐμϐριθές
510 1725 687 1793 ἀφεὶς,
718 1725 839 1787 ὅλος
880 1721 1262 1794 Ἐρκουλιανοῦ
1289 1723 1489 1791 γέγονα
1522 1739 1536 1788 ;
1565 1722 1721 1791 Μάρ-

1828 1720 2180 1786 cumbentes,
2209 1730 2371 1791 atque
2406 1739 2598 1778 earum
2640 1726 2925 1784 blanditiis
2960 1729 3223 1788 delinitos
3270 1749 3406 1803 pau-

132 1833 243 1879 τυς
262 1816 410 1880 Θεὸς,
430 1817 489 1869 οὐ
514 1817 664 1887 νόμῳ
686 1815 781 1869 τοῦ
813 1816 1073 1887 γράφειν,
1109 1816 1223 1867 ἀντ’
1253 1814 1413 1868 ἄλλου
1444 1815 1570 1877 τοὺς
1599 1813 1727 1884 περὶ

134 1906 337 1961 τούτου
377 1907 680 1977 πεποίημαι
724 1907 936 1975 λόγους,
969 1907 1035 1959 ἵν’
1084 1906 1341 1959 ὑπόθεσιν
1385 1904 1494 1975 ἔχω
1540 1921 1726 1975 γραμ-

140 1999 357 2067 μάτων.
395 1997 557 2049 Ἀλλά
582 1996 691 2049 τῶν
736 1997 865 2067 παρ’
897 1997 1219 2067 Οὐρσικίνου
1241 1996 1493 2050 δοθεισῶν
1518 1998 1729 2049 ἐπιστο-

134 2086 255 2139 λῶν
278 2102 292 2116 ο
321 2081 461 2157 ἦσαν
480 2086 536 2138 δὲ
572 2088 719 2157 τρεῖς
738 2100 751 2114 ·
782 2087 815 2156 ἡ
841 2084 979 2155 μέση
1003 2084 1146 2137 κατὰ
1175 2085 1236 2137 τὸ
1276 2085 1502 2153 μέγεθος
1536 2084 1725 2155 ἕμϐιόν

134 2196 200 2231 τι
235 2177 410 2248 ψυχῆς
438 2177 610 2241 πάθος
650 2176 903 2242 ἐνέσταξέ
946 2195 1034 2247 μοι
1069 2178 1377 2248 κομίσασα·
1412 2178 1508 2230 καὶ
1527 2178 1725 2246 γέγονα

133 2271 245 2340 τῆς
273 2271 329 2323 ἐν
374 2271 489 2333 τοῖς
532 2269 828 2341 γράμμασι
881 2270 1174 2332 κολακείας
1228 2269 1407 2339 ἥττων
1450 2268 1722 2335 τοσοῦτον,

136 2363 269 2416 ὅσον
296 2360 664 2431 αἰσχύνεσθαι.
713 2361 816 2414 Τὸν
851 2361 1077 2430 ἀδελφὸν
1126 2362 1308 2429 Κῦρον
1340 2359 1452 2429 (86)
1497 2359 1602 2413 ἔδει
1630 2376 1724 2413 κο-

144 2453 410 2524 μίσασθαι
439 2452 589 2524 παρά
631 2452 725 2506 σοῦ
751 2452 1055 2524 γράμματα
1078 2453 1206 2522 περὶ
1229 2445 1303 2504 ὧν
1327 2451 1621 2521 ἐδήλωσας,
1638 2450 1725 2502 διὰ

137 2545 237 2596 τὸν
282 2545 347 2597 ἐκ
393 2545 780 2608 Πενταπόλεως
810 2545 1046 2616 κόμητα.
1082 2543 1192 2597 Καὶ
1224 2542 1384 2613 χάριν
1421 2541 1520 2612 μὲν
1568 2540 1725 2611 ἔσχον

136 2637 213 2705 τῇ
260 2638 574 2708 προαιρέσει
616 2636 712 2690 τοῦ
766 2638 1133 2707 συστήσαντος
1165 2653 1180 2668 ο
1212 2633 1476 2688 ἐπελάθου
1528 2632 1585 2685 δέ
1641 2633 1722 2684 ὅτι

140 2726 449 2795 φιλοσοφεῖν
504 2728 801 2798 πειρῶμαι,
859 2729 955 2783 καὶ
1004 2728 1198 2800 μικρὸν
1254 2726 1497 2797 ἠγοῦμαι
1553 2722 1721 2795 τιμὴν

144 2815 384 2879 ἃπασαν,
411 2817 459 2868 εἰ
492 2817 565 2887 μὴ
605 2817 696 2869 ἐπὶ
717 2818 1002 2889 φιλοσοφίᾳ
1035 2819 1263 2887 γένοιτο.
1289 2818 1489 2886 Δέομαι
1514 2810 1607 2870 οὖν
1634 2814 1722 2867 διά

138 2906 233 2958 τὸν
283 2907 414 2959 Θεὸν
457 2909 625 2962 οὐδέν.
664 2908 801 2961 Οὔτε
845 2910 953 2979 γάρ
982 2909 1305 2978 ἀδικοῦμεν,
1349 2909 1471 2961 οὔτε
1501 2905 1717 2960 ἀδικού-

141 2997 306 3067 μεθα.
336 2998 409 3051 Τὸ
431 2998 495 3069 δὴ
524 2998 782 3062 τοιοῦτον,
817 2999 1008 3066 ἐκείνῳ
1035 2997 1133 3065 μὲν
1165 2998 1304 3067 ὑπὲρ
1326 2997 1482 3067 ἡμῶν
1511 2996 1717 3066 ἔπρεπε
1745 3037 1786 3093 C

139 3090 317 3141 ποιεῖν
341 3105 355 3120 ·
390 3091 519 3158 ἡμῖν
565 3089 621 3141 δὲ
658 3092 846 3153 αἰτεῖν,
876 3089 935 3140 οὐ
984 3088 1212 3157 πρέπον.
1243 3088 1304 3139 Εἰ
1342 3087 1449 3157 γάρ
1480 3087 1586 3140 ἔδει
1620 3086 1717 3157 ζη-

133 3181 256 3232 τεῖν
298 3180 602 3243 ἐπιστολὰς,
628 3181 799 3233 αἰτεῖν
830 3179 936 3231 ἔδει
969 3179 1105 3250 πρὸς
1136 3179 1237 3249 ἐμὲ
1265 3179 1547 3246 γενέσθαι·
1574 3179 1717 3233 οὕτω

133 3270 250 3339 γὰρ
280 3268 346 3322 ἂν
381 3270 642 3341 ἐτιμήθην
668 3286 680 3299 ·
703 3270 799 3341 οὑχ
821 3270 962 3340 ὑπὲρ
993 3268 1149 3340 ἡμῶν
1181 3269 1317 3340 πρὸς
1339 3270 1545 3341 ἕτερον.
1593 3272 1715 3342 Ἐρο

138 3358 384 3430 ρωμένος
437 3360 686 3431 εὐθυμῶν
718 3361 978 3432 διαϐιῴης
1002 3404 1015 3426 ,
1048 3360 1367 3429 φιλοσοφίαν
1399 3361 1712 3415 ἀδολώτατα

138 3448 363 3519 μετιών.
400 3450 556 3503 Πᾶσα
599 3450 734 3520 ὁμοῦ
792 3469 852 3504 σε
908 3453 941 3523 ἡ
974 3451 1118 3504 οἰκία
1142 3490 1156 3515 ,
1188 3452 1395 3522 μάρτυς
1438 3450 1588 3514 Θεὸς,
1622 3452 1714 3504 καὶ

135 3539 348 3603 παῖδες.
376 3539 469 3594 καὶ
521 3541 792 3612 γέροντες,
822 3543 916 3596 καὶ
961 3546 1238 3611 γυναῖκες,
1278 3541 1713 3614 προσαγορεύου-

137 3649 245 3685 σιν.
299 3634 458 3695 Ἴσως
501 3632 545 3686 δ’
592 3633 658 3687 ἂν
708 3634 868 3697 αὐτὸς
927 3636 1020 3687 καὶ
1075 3634 1571 3705 φιλοφρονουμένας
1614 3632 1712 3695 τὰς

133 3725 400 3791 γυναῖκας
450 3724 684 3796 μισοίης.
736 3724 863 3778 Ἰδοὺ
911 3726 963 3778 τί
1005 3726 1349 3795 πεποίηκας·
1382 3727 1439 3777 ἐν
1487 3725 1590 3795 ὁδῷ
1643 3742 1709 3795 με

133 3817 269 3869 ὄντα
320 3816 486 3885 ἀπρὶξ
542 3816 838 3885 λαϐόμενος
886 3818 1156 3887 κατέχεις.
1191 3813 1371 3871 Ἦσαν
1400 3816 1507 3887 ἀρα
1546 3817 1710 3885 Αίγύ-

132 3922 284 3958 πτιοι
326 3910 656 3977 φαρμακεῖς,
685 3908 781 3962 καὶ
810 3909 871 3961 οὺ
918 3909 1095 3962 πάντα
1141 3909 1386 3979 Ὄμηρος
1431 3908 1707 3977 ψεύδεται,

130 3998 224 4050 ὅτε
263 3998 358 4049 καὶ
410 3997 576 4061 αὐτὸς
631 4000 849 4068 ἰΰγγων»
878 3998 1107 4071 πλήρεις
1160 3998 1445 4061 ἐπιστολὰς
1499 4000 1709 4070 ἐκπέμ-

131 4102 260 4147 πεις
315 4088 410 4140 ἀπ’
456 4087 753 4157 Αἰγύπτου.
797 4088 987 4161 Ἑλένῃ
1028 4091 1124 4159 μέν
1177 4086 1269 4143 οὖν
1316 4088 1379 4142 τὸ
1424 4089 1711 4162 λαθικηδὲς

132 4177 427 4247 φάρμακον

1829 1810 1982 1864 latim
2017 1812 2335 1881 perderent.
2366 1815 2636 1879 Quidnam
2675 1820 2842 1887 igitur
2872 1821 3062 1886 abest,
3109 1827 3406 1893 quominus

1831 1902 2051 1958 Sirenes
2080 1904 2193 1959 sint
2222 1906 2469 1976 quaedam
2503 1908 2814 1965 litterarum
2848 1921 3065 1967 tuarum
3097 1916 3403 1985 illecebra,

1828 1997 2030 2065 quibus
2057 2012 2158 2067 ego
2187 1999 2454 2068 gravitate
2494 2005 2919 2075 constantiaque
2962 2008 3055 2062 illa
3092 2012 3270 2080 posita
3312 2024 3397 2066 to-

1829 2094 1919 2141 tus
1948 2085 2261 2141 Herculiani
2294 2103 2415 2143 sum
2447 2089 2665 2147 factus?
2688 2080 2868 2152 Testis
2897 2108 2979 2152 est
3005 2099 3150 2154 Deus
3177 2117 3261 2156 me
3287 2119 3400 2158 non

1828 2172 2104 2231 scribendi
2134 2194 2286 2234 more
2308 2218 2323 2241 .
2361 2181 2588 2237 alterius
2622 2184 2930 2256 cujuspiam
2965 2189 3116 2253 loco,
3151 2191 3219 2247 de
3248 2208 3311 2247 ea
3342 2209 3407 2249 re

1828 2268 1991 2321 verba
2020 2266 2202 2323 facere
2225 2308 2240 2332 ,
2273 2286 2383 2339 quo
2410 2271 2718 2328 litterarum
2747 2288 3130 2347 argumentum
3175 2283 3399 2354 aliquod

1827 2356 2109 2412 haberem.
2142 2358 2337 2415 Verum
2370 2376 2433 2415 ex
2468 2362 2537 2417 iis
2576 2364 2777 2421 litteris
2799 2405 2815 2431 ,
2856 2384 2994 2437 quas
3030 2371 3097 2425 ab
3144 2373 3404 2431 Ursicino

1832 2456 1945 2501 tres
1974 2450 2196 2519 accepi,
2226 2466 2346 2521 quae
2390 2455 2751 2527 amplitudine
2796 2460 2972 2514 media
3017 2474 3165 2528 erat,
3211 2467 3397 2522 vivum

1826 2537 1958 2591 mihi
1987 2542 2278 2608 quemdam
2308 2542 2590 2597 instillavit
2624 2546 2876 2602 affectum
2915 2552 3084 2608 animi
3109 2571 3125 2607 :
3152 2556 3401 2627 adeoque

1824 2644 1946 2683 sum
1976 2629 2282 2685 litterarum
2314 2634 2633 2692 adulatione
2660 2648 2983 2708 superatus,
3025 2653 3085 2698 ut
3130 2649 3397 2717 πιεῖν-ειη»

1824 2721 2073 2790 puderet.
2122 2721 2417 2792 Oportebat
2465 2734 2517 2781 te
2568 2729 2635 2782 ad
2678 2728 2900 2785 fratrem
2936 2734 3134 2805 Cyrum
3179 2739 3247 2792 de
3295 2756 3396 2805 eo,

1822 2812 1967 2881 quod
1991 2814 2348 2883 significasti,
2372 2816 2586 2873 litteras
2609 2819 2856 2886 dedisse,
2882 2834 3104 2895 propter
3125 2826 3399 2901 Pentapo-

1824 2902 2052 2957 litanum
2092 2906 2372 2959 comitem.
2422 2906 2502 2960 Ac
2551 2909 2816 2964 voluntati
2862 2913 3078 2981 quidem
3116 2932 3393 2974 commeuo

1820 2994 2004 3049 dantis
2017 2994 2178 3065 283
2196 2996 2401 3063 gratias
2418 2997 2745 3066 egi.\'ideris
2760 3003 2887 3056 mihi
2905 3015 3083 3060 tamen
3099 3008 3241 3062 istud
3260 3011 3400 3063 obli-

1822 3097 1931 3150 tus,
1960 3088 2418 3156 quemadmodum
2438 3092 2813 3161 philos0pliari
2836 3095 3162 3153 instituerim
3186 3118 3200 3167 ;
3235 3110 3401 3170 atque

1818 3194 2035 3234 omnem
2067 3180 2327 3236 honorem
2356 3184 2507 3252 parvi
2544 3185 2915 3256 pendam,qui
2940 3204 3045 3241 non
3080 3205 3109 3242 a
3149 3207 3200 3259 p.
3228 3193 3401 3246 iloso—

1820 3270 1944 3339 phia
1998 3272 2403 3341 proficiscatur.
2451 3273 2639 3344 Itaque
2677 3277 2811 3330 nihil
2851 3287 3070 3347 propter
3120 3280 3285 3336 Deum
3331 3301 3395 3339 ea

1819 3362 2290 3418 commendatione
2312 3378 2450 3433 opus
2486 3364 2681 3418 habeo.
2718 3365 2906 3436 Neque
2946 3370 3090 3423 enim
3123 3382 3216 3425 aut
3255 3374 3397 3429 fat-io

1818 3454 2074 3524 cuiquam
2108 3456 2387 3526 injuriam,
2427 3467 2521 3513 aut
2549 3460 2777 3530 accipio.
2818 3461 3000 3528 Quare
3029 3464 3174 3520 istud
3215 3468 3394 3538 ipsqu

1820 3548 1874 3600 in
1910 3546 2061 3599 illutn
2094 3549 2267 3603 nostri
2296 3563 2463 3605 causa
2494 3550 2747 3607 conferre
2776 3555 3082 3623 oportebat,
3115 3558 3273 3623 nobis
3295 3578 3393 3615 au-

1820 3647 1924 3691 tem
1948 3640 2225 3708 postulare
2248 3656 2589 3711 nequaquam
2614 3646 3034 3715 congruit.Nam
3066 3659 3123 3702 ut
3157 3653 3396 3718 maxime

1819 3730 2011 3784 litterae
2030 3731 2275 3800 petendae
2303 3742 2508 3796 essent,
2528 3736 2590 3789 ad
2610 3752 2695 3791 me
2723 3739 2902 3806 potius
2922 3746 2978 3792 ut
2994 3741 3392 3809 scriberentur,

1818 3824 1927 3891 peti
1946 3823 2200 3889 deberet;
2258 3823 2335 3877 ita
2368 3825 2513 3878 enim
2539 3827 2668 3879 mihi
2712 3829 2886 3885 honos
2918 3830 3231 3897 haberetur,
3278 3850 3395 3890 non

1816 3930 1917 3985 pro
1946 3915 2104 3970 nobis
2127 3913 2194 3968 ad
2210 3914 2460 3970 alterum.
2494 3915 2784 3975 Incolumis
2801 3929 3061 3992 perpetuo
3088 3924 3394 3996 hilarisque

1816 4006 2001 4074 degas,
2066 4004 2463 4075 philosophiam
2507 4007 2882 4065 sincerissime
2936 4013 3204 4068 ambiens.
3255 4013 3390 4070 Uni-

1813 4112 1970 4150 versa
2011 4105 2061 4150 te
2094 4097 2261 4151 simul
2308 4097 2535 4163 familia,
2574 4100 2729 4154 testis
2758 4109 2841 4156 est
2883 4099 3047 4169 Deus,
3069 4114 3176 4158 tam
3209 4108 3390 4175 put-ri,

1812 4199 1976 4254 quam
2016 4200 2195 4248 senes,
2238 4193 2293 4239 et
2327 4184 2582 4239 mulieres
2620 4187 2878 4241 salutant.
2921 4188 3244 4260 Quanquam
3275 4191 3385 4245 for-

132 4272 301 4326 tassis
329 4275 490 4328 etiam
528 4276 896 4342 blandientes,
940 4285 1103 4347 atque
1140 4278 1478 4334 humanitate
1515 4288 1906 4349 prosequentes
1945 4282 2200 4336 mulieres
2231 4279 2435 4335 oderis.
2466 4278 2601 4334 Vide
2628 4281 2758 4351 quid
2824 4281 3022 4339 feceris
3045 4299 3064 4337 ι
3107 4300 3217 4350 me,
3255 4284 3389 4341 cuin

133 4365 193 4416 in
222 4363 308 4417 via
339 4378 536 4432 essem,
578 4369 854 4424 mordicus
879 4371 1279 4439 apprehensum
1307 4372 1538 4425 detines.
1598 4371 1852 4426 Profecto
1926 4371 2167 4442 IEgyptii
2240 4375 2611 4428 ineantatores
2690 4382 2851 4441 sunt;
2879 4391 2977 4430 nec
3013 4378 3194 4432 omnia
3244 4380 3387 4433 falso

133 4454 207 4507 ab
224 4452 459 4511 Homero
482 4466 611 4513 sunt
632 4462 845 4531 prodita
873 4479 887 4514 :
911 4477 1036 4516 cum
1061 4470 1115 4516 tu
1143 4464 1257 4533 ipse
1281 4464 1713 4520 iueantationum
1754 4468 1943 4535 plenas
2019 4466 2229 4522 litteras
2270 4467 2346 4521 ab
2403 4465 2642 4537 Egypto
2681 4469 2890 4534 mittas.
2924 4469 3100 4541 Atque
3167 4470 3384 4527 lielelw

132 4544 356 4613 quidem
386 4547 710 4605 obliviosum
744 4556 999 4611 maeroris
1018 4557 1273 4626 poculum

314 4641 676 4712 Πολύδαμνα
726 4650 872 4714 πόρε
911 4649 1111 4714 Θῶνος
1145 4648 1512 4717 παράκοιτις.
1624 4642 1631 4651 ’

2056 4647 2197 4702 dedit
2234 4647 2427 4702 Thom's
2454 4649 2648 4718 conjux
2672 4648 3031 4718 Polydamna.

135 4728 228 4781 Σοὶ
270 4730 327 4782 δὲ
362 4733 447 4796 τίς
496 4734 557 4787 τὸ
598 4737 822 4807 ἀνιαρὸν
857 4740 1112 4805 δέδωκεν,
1139 4736 1183 4809 ᾧ
1223 4743 1415 4813 χρίσας
1459 4742 1710 4815 ἔπεμψας

1828 4738 1929 4794 l‘ibi
1962 4755 2091 4794 vero
2128 4741 2259 4811 quis
2308 4743 2561 4797 maeroris
2624 4740 2860 4797 efﬁciens
2909 4744 3042 4798 illud
3072 4742 3247 4813 dedit,
3270 4763 3383 4816 qiio

130 4820 236 4889 τὴν
256 4821 544 4894 ἐπιστολήν
564 4843 580 4891 ;

627 4916 968 4973 ΕΠΙΣΤυΑΗ
1016 4921 1210 4989 ΡΜσν.

810 5008 1071 5079 Ἰωάννῃ.

206 5096 374 5172 Οἶμαί
408 5117 467 5152 σε
493 5098 587 5151 καὶ
616 5097 723 5168 πρὸ
747 5097 912 5169 εὐχῆς
950 5094 1011 5152 εὖ
1045 5101 1301 5172 πράττειν
1319 5142 1336 5169 ,
1366 5102 1424 5165 ὃς
1452 5119 1514 5171 γε
1544 5104 1699 5172 ἀφεὶς

130 5192 261 5255 τοὺς
282 5187 597 5261 ἀνθρώπους
628 5188 798 5258 ἡμᾶς,

1805 4833 2100 4889 delibatam
2141 4833 2207 4887 ad
2251 4849 2335 4887 me
2364 4833 2653 4902 epistolam
2691 4834 2934 4888 misisti?

2283 4923 2619 4979 EPISTOLA
2658 4923 2895 4982 CXLVI.

2470 5014 2693 5072 Joanni.

1881 5104 1991 5175 Ego
2028 5113 2080 5159 te
2108 5119 2273 5175 supra
2329 5113 2515 5159 votum
2566 5105 2776 5162 felicem
2804 5122 2929 5165 esse
2981 5109 3239 5177 arbitror,
3282 5114 3377 5183 qui

1811 5212 1913 5251 nos
1934 5198 2186 5252 homines
2213 5196 2622 5268 derelinquens,

1328 5324 1508 5379 DION.
1556 5324 1833 5381 PETAVII
1884 5327 2117 5386 NOTAE.

368 5453 747 5539 ξυστὰᾳεωε,
785 5452 1359 5539 ¹ινιολαὶᾁξ.,τιιρςξτειρονἶ
1391 5456 1705 5539 Αεερηῑίοι·

1828 5464 1980 5539 pulto
2013 5472 2139 5539 ante
2176 5465 2388 5539 litteras
2411 5465 2646 5533 dedisse,
2688 5468 2890 5539 quibus
2921 5471 3213 5527 vehemens
3240 5471 3375 5527 illud

134 5523 514 5581 eruditissimo
542 5527 662 5579 viro
690 5523 955 5579 Federico
991 5524 1236 5586 Morello,
1264 5525 1357 5593 qui
1390 5526 1476 5579 hic
1516 5529 1701 5581 ἐνστά-

139 5612 278 5668 σεως
313 5596 594 5668 legendum
619 5595 1038 5668 animadvertit.
1078 5594 1179 5668 Qui
1222 5594 1359 5668 addo
1386 5597 1698 5668 legendum

139 5663 387 5736 iusuper'
423 5667 482 5718 οὐ
547 5663 727 5737 πολλῷ
778 5664 1056 5736 πρότερον.
1093 5663 1277 5719 lnnuit
1309 5663 1554 5722 enimse
1593 5682 1700 5722 non

1804 5534 2138 5589 desiderium
2180 5537 2493 5603 castigaret.

1877 5605 1986 5675 (86)
2022 5604 2137 5660 Τὸν
2161 5606 2432 5676 ἀδελφὸν
2471 5607 2689 5676 Κύρον.
2728 5606 2866 5664 Vide
2892 5619 3051 5679 epist.
3091 5610 3209 5664 145.
