3838 6236
185 347 324 401 £345

1274 318 1658 388 EPlSTOLfE.
1716 364 1786 373 —
1827 332 2042 390 EPIST.
2087 333 2333 388 CXLVII.

3298 346 3432 405 {516

179 466 338 522 εἰσιν,
378 463 504 514 ἰδεῖν
545 480 603 514 τε
640 461 803 531 ἡδεῖς,
848 460 941 513 καὶ
973 456 1267 526 γεύσασθαι
1299 454 1396 524 τὴν
1430 448 1595 522 ἄλλην
1635 452 1747 522 ἡδο⁴

1861 452 2005 521 quod
2057 452 2334 516 eﬂoditur,
2387 452 2466 506 sal
2499 461 2602 513 est.
2646 468 2771 507 cum
2804 456 2924 510 visu
2978 457 3119 527 ipso.
3167 469 3282 516 tum
3325 467 3432 522 alia

180 556 296 624 νην.
327 554 460 606 Ἀλλ’
493 554 638 616 ὅπως
666 553 741 623 μὴ
775 551 1090 621 σοφιστικὴν
1119 546 1506 619 ἀπειροκαλίαν
1544 546 1753 617 οἰηθῇς,

179 645 239 696 τὸ
287 644 594 710 ἐπεξελθεῖν
632 643 737 696 τῶν
783 641 1090 713 ἐπιχωρίων
1140 639 1283 693 ἀλῶν
1310 638 1386 707 τῷ
1437 637 1753 708 διηγήματι.

182 737 418 789 Ἤκιστα
450 735 558 805 γὰρ
597 739 708 797 τοῖς
762 732 1120 804 ἀγροδιαίτοις
1169 732 1298 802 ἡμῖν
1356 729 1666 801 προσιζάνει
1698 729 1758 781 τὸ

180 828 460 897 φιλότιμον
490 827 678 889 πάθος.
712 825 873 877 Ἀλλά
906 826 970 877 σὺ
1001 824 1106 895 γὰρ
1127 824 1375 885 ἀπαιτεῖς
1404 823 1605 874 ἕκαστα
1628 823 1755 892 παρ’

176 918 333 986 ἡμῶν
378 916 445 969 τὰ
494 919 620 987 περί
638 915 790 987 ἡμῶν
827 915 1044 967 εἰδέναι.
1093 914 1308 983 Ἀνέχου
1346 911 1525 963 τοίνυν
1571 911 1760 964 ἀδολε-

179 1007 413 1077 σχούσης
436 1007 746 1076 ἐπιστολῆς,
781 1007 866 1060 ἵνα
913 1007 1007 1058 καὶ
1044 1004 1144 1074 τῆς
1194 1003 1425 1072 ἀκαίρου
1478 1002 1757 1071 πολυπρα-

176 1100 456 1169 γμοσύνης
503 1098 606 1168 δῷς
649 1099 822 1168 δίκην.
855 1099 1005 1166 Ἂμα
1045 1097 1102 1149 δὲ
1139 1096 1233 1149 acati.
1282 1094 1516 1165 χαλεπὸν
1556 1097 1633 1156 εἰς
1665 1094 1755 1145 πί-

179 1208 294 1243 στιν
337 1191 395 1243 τὸ
432 1192 682 1253 ἑκάστοις
738 1190 1065 1259 ἀπότροφον.
1114 1189 1187 1241 Οὐ
1243 1185 1442 1255 φαῦλον
1475 1180 1566 1240 οῦν
1594 1185 1753 1255 ἔργον

178 1282 345 1352 Σύρον
370 1285 659 1336 ἀναπεῖσαι
682 1299 745 1334 πε
755 1283 806 1353 ρί
826 1281 1093 1352 χερσαίων
1124 1280 1285 1332 ἀλῶν.
1316 1278 1468 1331 Ἐπεὶ
1486 1278 1576 1330 καὶ
1597 1278 1753 1350 δεῦρο

178 1376 475 1444 πράγματα
504 1374 630 1445 ἔχω,
652 1375 775 1445 περὶ
805 1374 960 1438 νεῶν,
988 1375 1081 1427 καὶ
1122 1372 1327 1434 ἱστίων,
1360 1373 1453 1425 καὶ
1484 1371 1751 1440 θαλάττης

176 1466 614 1537 ἀνακρινόμενος.
669 1462 837 1519 Οἶσθα
879 1466 986 1537 γὰρ
1032 1465 1107 1527 ὡς
1143 1462 1254 1532 ἐγὼ
1301 1464 1394 1516 καὶ
1448 1463 1749 1532 φιλοσοφῶν

175 1575 301 1611 ποτε
334 1558 447 1629 ἅμα
489 1560 615 1629 ὑμῖν
649 1559 956 1628 ἐθεασάμην
985 1557 1074 1609 τὸν
1110 1557 1299 1627 χρῆμα
1344 1555 1499 1608 τοῦτο
1527 1557 1623 1625 τὴν
1650 1556 1749 1609 θάν-

172 1650 402 1711 λασσαν,
437 1651 531 1703 καὶ
563 1650 698 1720 πρὸς
724 1651 903 1720 Φάρῳ,
944 1649 1037 1702 καὶ
1067 1649 1200 1718 πρὸς
1234 1646 1497 1716 Κανώϐῳ,
1530 1648 1625 1718 τὴν
1653 1666 1748 1718 μευ

173 1740 341 1809 γάλην
372 1740 565 1810 λίμνην
602 1734 701 1809 τὴν
738 1740 983 1810 ἁλμυρὰν
1031 1740 1163 1809 (88).
1205 1740 1315 1791 Καὶ
1353 1740 1560 1792 εἰλκετο
1591 1739 1741 1802 ναῦς.

1861 542 2119 612 gustandi
2148 543 2424 613 voluptate
2481 544 2967 612 iucundissimum.
3024 548 3227 607 Verum
3267 572 3334 611 ne
3376 570 3432 613 tu

1862 636 2176 705 50phistica2
2208 638 2310 691 hoc
2343 637 2649 692 insolentiae
2683 646 2840 709 putes
2870 657 3017 707 esse,
3041 643 3109 698 de
3141 652 3433 704 vernaculo

1860 728 1974 781 sale
2002 729 2371 782 narrationem
2406 728 2692 785 instituere
2718 750 2733 796 ;
2782 732 3003 787 minime
3025 736 3169 789 enim
3198 740 3435 793 rustica—

1862 817 1945 871 nis
1984 818 2143 871 nobis
2188 818 2357 873 heret
2384 821 2676 877 ambitiosa
2722 824 2906 893 gloria:
2962 829 3268 884 contentio.
3326 831 3433 889 Sed

1859 908 2004 960 enim
2045 908 2326 978 sigillatim
2353 926 2474 979 quae
2520 919 2649 967 sunt
2674 914 2815 983 apud
2850 930 2953 969 nos
2995 918 3139 973 scire
3190 936 3218 973 a
3276 924 3433 979 nobis

1858 1001 2125 1067 postulas.
2169 999 2352 1066 Quare
2399 1003 2683 1072 loquacem
2742 1007 3027 1076 epistolam
3082 1014 3315 1080 sustine,
3372 1026 3435 1070 ut

1858 1089 2181 1157 importuna:
2198 1091 2534 1147 curiositatis
2556 1094 2716 1164 285
2747 1111 2941 1164 pmnas
2965 1102 3263 1168 persolvas.
3290 1103 3433 1169 Quin

1855 1185 1910 1232 et
1944 1179 2045 1233 hoc
2078 1195 2343 1248 persuasu
2380 1182 2599 1239 dillicile
2633 1195 2735 1251 est,
2773 1188 2919 1256 quod
2962 1190 3031 1245 ab
3076 1193 3435 1265 uniuscujus-

1855 1284 1960 1337 que
2018 1270 2343 1327 educatione
2393 1288 2605 1343 usuque
2656 1277 2895 1332 alienum
2934 1289 3037 1335 est.
3068 1281 3433 1354 Quamobrem

1855 1376 1961 1414 non
1988 1377 2178 1432 parum
2237 1366 2446 1435 negotii
2477 1374 2560 1421 est
2601 1368 2742 1438 Syro
2788 1387 2949 1439 posse
2977 1375 3042 1427 de
3076 1381 3295 1430 terreno
3318 1380 3433 1434 sale

1853 1456 2183 1522 persuadere
2221 1473 2234 1508 :
2262 1472 2381 1510 cum
2409 1473 2511 1528 ego
2533 1461 2840 1515 molestiam
2868 1464 2955 1517 hic
2989 1464 3213 1519 habeam
3238 1468 3306 1524 de
3334 1485 3431 1523 na-

1851 1547 2030 1610 vibus,
2049 1562 2112 1600 ac
2134 1548 2289 1615 velis,
2317 1558 2481 1618 atque
2512 1552 2646 1606 mari
2678 1554 2878 1622 saepius
2905 1556 3294 1627 interrogatus.
3325 1562 3432 1617 Me-

1851 1637 2057 1692 ministi
2094 1639 2240 1693 enim
2274 1657 2381 1705 me,
2412 1658 2535 1696 cuin
2573 1644 2866 1713 aliquando
2917 1649 3199 1704 vobiscum
3249 1654 3431 1721 philo-

1850 1729 2132 1796 SOpharer,
2171 1747 2283 1785 rem
2313 1731 2483 1794 illam,
2536 1750 2684 1789 mare
2740 1736 2972 1804 scilicet,
3009 1742 3332 1811 aspexisse;
3379 1756 3433 1800 et

173 1832 263 1882 καὶ
286 1832 518 1900 ἀνήγετο
560 1832 693 1901 πρὸς
726 1828 885 1901 οὖρον
912 1830 1073 1899 αὕτη,
1108 1830 1320 1892 κώπαις
1350 1832 1555 1898 ἐκείνη.
1591 1832 1744 1898 Ἐγε-

1851 1817 1916 1869 ad
1945 1817 2207 1880 Pharum,
2232 1820 2297 1873 ad
2330 1822 2636 1890 Canobum,
2679 1833 2890 1881 vastum
2943 1830 3094 1883 illum
3153 1832 3329 1886 lacum
3366 1849 3433 1888 ac

170 1923 296 1975 λᾶτε
326 1922 453 1990 γοῦν
483 1924 797 1985 εἰκάσαντος
829 1921 997 1993 αὐτὴν
1040 1922 1174 1991 ἐμοῦ
1202 1921 1323 1992 ζώω
1362 1921 1639 1976 πολύποδι.
1684 1926 1745 1976 Ol

165 2014 243 2075 δὲ,
271 2013 564 2067 διάκεινται
596 2014 691 2076 τὰς
725 2012 977 2083 γνώμας,
1010 2012 1199 2083 ὥσπερ
1236 2015 1412 2081 ἡμεῖς,
1450 2015 1574 2065 ὅταν
1605 2014 1745 2084 ὑπὲρ

166 2104 274 2156 τῶν
307 2106 560 2158 ἐπέκεινα
592 2105 796 2175 Θούλης
844 2104 1149 2174 ἀκούωμεν,
1183 2105 1303 2174 ἥτις
1347 2104 1475 2156 ποτέ
1525 2106 1669 2156 ἐστιν
1712 2108 1743 2174 ἡ

165 2196 364 2267 Θούλη,
404 2197 618 2250 διδοῦσα
667 2200 777 2258 τοῖς
828 2197 1077 2249 διαϐᾶσιν
1129 2196 1297 2265 αὐτὴν
1331 2195 1597 2249 ἀνεύθυνα
1653 2198 1745 2248 καὶ

167 2288 469 2357 ἀνέλεγκτα
519 2286 827 2357 ψεύδεσθαι.
866 2287 1002 2339 Ἀλλ’
1041 2282 1186 2340 οὗτοί
1225 2304 1289 2352 γε
1343 2286 1443 2339 κᾶν
1484 2287 1747 2357 προσίων-

162 2383 255 2435 ταί
301 2400 431 2434 ποτε
471 2382 538 2435 τὰ
572 2382 699 2452 περὶ
720 2382 826 2434 τῶν
854 2382 1012 2442 νεῶν,
1048 2381 1080 2450 ἦ
1113 2380 1335 2445 δόξωσιν
1365 2383 1539 2433 ἐκεῖνο
1558 2380 1741 2450 γελᾷν,

165 2474 469 2542 ἀνακράτος
513 2471 851 2535 ἀπιστοῦσιν,
885 2473 966 2525 ὅτι
1012 2472 1235 2526 δύναται
1277 2475 1495 2543 τρέφειν
1533 2471 1743 2543 ἀνθρώ-

167 2580 301 2625 πους
352 2563 445 2616 καὶ
477 2563 732 2617 θάλαττα.
768 2562 937 2614 Τοῦτο
965 2562 1073 2632 γὰρ
1129 2563 1297 2632 μόνην
1352 2562 1497 2633 ἔχειν
1536 2562 1745 2626 ἀξιοῦσι

164 2651 262 2722 τὴν
320 2651 529 2723 μητέρα
562 2654 663 2721 γῆν
700 2652 759 2704 τὸ
786 2652 1094 2723 πρεσϐεῖον.
1141 2653 1283 2721 Ἐγὼ
1319 2653 1376 2705 δέ
1402 2670 1532 2705 ποτε
1564 2655 1746 2716 αὐτοῖς

164 2744 480 2797 ἀνανεύουσι
508 2745 642 2814 πρὸς
668 2745 735 2797 τὰ
787 2746 913 2812 περὶ
941 2744 1046 2795 τῶν
1073 2744 1290 2814 ἰχθύων,
1333 2745 1617 2797 ἀναλαϐὼν
1654 2746 1746 2798 καί¹

167 2836 553 2906 προσαρρἀας
587 2835 764 2904 πέτρα
806 2836 927 2886 τινὰ
974 2834 1099 2905 [γρ.
1153 2834 1337 2904 πέτρῳ
1392 2835 1535 2906 τινὶ]
1579 2836 1744 2906 κέρα-

168 2946 269 2999 μον
295 2967 308 2990 ,
341 2928 518 2992 ἔδειξα
567 2929 675 2980 τῶν
734 2929 827 2981 ἀπ’
881 2928 1158 2992 Αἰγύπτου
1204 2928 1403 2997 ταρίχη
1448 2928 1617 2995 συχνά
1648 2944 1661 2957 ’
1698 2929 1746 2979 οἰ

160 3022 242 3081 δὲ.
300 3020 473 3088 ὄφεων
502 3018 752 3090 πονηρῶν
792 3018 996 3086 ἔφασαν
1031 3013 1166 3070 εἶναι
1203 3018 1431 3086 σώματα
1452 3033 1466 3047 ·
1497 3019 1591 3070 καὶ
1618 3019 1748 3071 ἀνα-

1859 1912 2065 1965 salsum
2120 1912 2340 1968 vidisse.
2396 1917 2473 1970 Ac
2522 1926 2632 1970 tum
2695 1918 2835 1975 forte
2877 1924 3033 1978 navis
3089 1924 3429 1991 trahebatur,

1849 2003 2064 2073 aliaque
2092 2006 2227 2060 velis
2253 2007 2304 2060 iu
2332 2009 2520 2075 altum,
2547 2012 2715 2065 altera
2745 2014 2913 2068 remis
2950 2017 3231 2085 agebatur.
3265 2018 3431 2074 Ride-

1848 2093 1992 2149 batis
2024 2098 2189 2166 igitur
2218 2116 2323 2163 me,
2350 2101 2495 2170 quod
2532 2117 2651 2157 eam
2679 2106 2901 2159 animali
2947 2108 3235 2178 tuttltipeili
3269 2110 3431 2164 simi-

1850 2187 1953 2241 lem
1985 2205 2109 2243 esse
2162 2190 2424 2246 dicerem.
2469 2196 2536 2247 At
2569 2196 2645 2250 illi
2688 2198 2879 2252 eodem
2931 2200 3093 2253 modo
3121 2199 3431 2256 alliciuntnr

1848 2282 2057 2348 animo,
2089 2285 2366 2352 quomodo
2408 2303 2526 2349 nos,
2554 2304 2678 2343 cum
2708 2291 2775 2345 de
2805 2291 2871 2345 iis
2899 2307 3020 2360 qua:
3053 2294 3194 2345 ultra
3215 2290 3430 2349 Thulen

1849 2382 1978 2425 sunt
2028 2374 2285 2432 audimus
2320 2397 2332 2431 :
2367 2395 2705 2448 quaecunque
2722 2381 2937 2436 demum
2970 2381 3145 2438 Thule
3176 2393 3282 2447 est,
3308 2400 3431 2454 quae

1850 2460 1919 2519 iis
1952 2463 2044 2531 qui
2099 2479 2165 2518 eo
2210 2469 2640 2535 penetraverint,
2688 2469 2910 2538 impune
2947 2486 3010 2526 ac
3062 2473 3200 2527 citra
3236 2489 3428 2544 repre-

1849 2551 2173 2609 hensionem
2241 2558 2537 2613 mentiendi
2597 2568 2917 2629 potestatem
2973 2562 3126 2619 facit.
3156 2563 3354 2619 Verum
3390 2566 3429 2620 ii

1850 2651 2128 2714 utcunque
2180 2648 2401 2701 tandem
2459 2663 2522 2701 ea
2587 2665 2709 2718 quae
2760 2651 2828 2705 de
2885 2653 3120 2708 navibus
3168 2654 3431 2709 dicuntur

1848 2738 2162 2802 admittant,
2192 2748 2285 2793 aut
2321 2740 2503 2796 ridere
2549 2742 2786 2813 idipsum
2834 2744 3146 2811 videantur,
3183 2748 3429 2817 pertina-

1847 2832 2069 2885 cissime
2095 2840 2277 2887 tamen
2313 2835 2539 2889 credere
2576 2835 2720 2890 istud
2754 2836 2967 2902 nolunt,
3001 2852 3162 2908 posse
3186 2855 3253 2893 ex
3290 2841 3431 2893 mari

1850 2917 2165 2974 hominibus
2225 2921 2486 2976 alimenta
2536 2924 2900 2993 suppeditari.
2932 2926 3045 2981 Hoc
3082 2926 3229 2981 enim
3283 2930 3435 2983 velut

1850 3008 2210 3064 honorarium
2240 3015 2453 3080 parenti
2484 3022 2643 3071 terra:
2673 3016 3009 3085 praecipuum
3046 3032 3111 3071 ac
3154 3019 3435 3086 peculiare

161 3113 415 3183 θορόντες
455 3113 720 3181 ἔφευγον,
763 3110 862 3172 τὰς
917 3109 1159 3171 ἀκάνθας
1206 3110 1631 3175 ὑποπτεύοντες,
1675 3110 1747 3171 ὡς

1851 3114 1977 3153 esse
2006 3112 2234 3157 censent
2263 3112 2540 3173 Oportere.
2568 3104 2679 3176 Ego
2702 3122 2831 3161 vero
2850 3123 2975 3161 cum
3006 3109 3108 3177 ipsi
3137 3109 3432 3177 aliquando

159 3204 313 3258 οὐδὲν
367 3201 821 3273 ὴπιωτέραςτοῦ
860 3201 946 3254 διὰ
995 3200 1102 3253 τῶν
1147 3200 1376 3252 ὀδόντων
1427 3201 1740 3269 φαρμάκου.

162 3296 273 3349 Καὶ
322 3296 423 3364 ἔφη
460 3312 542 3356 τις
580 3294 607 3345 ὁ
642 3292 963 3363 γεραίτατος
990 3332 1004 3354 ,
1039 3292 1134 3345 καὶ
1164 3292 1221 3343 ἐν
1258 3293 1323 3361 τῇ
1358 3289 1483 3362 δόξῃ
1532 3292 1743 3362 φρενῶν

160 3386 596 3455 ἐπηϐολώτατος,
636 3384 795 3454 σχολῇ
849 3383 976 3449 γοῦν
1028 3383 1157 3452 περὶ
1203 3382 1393 3445 ὓδατος
1422 3383 1622 3436 ἁλυκοῦ
1655 3402 1744 3437 πι-

163 3479 405 3537 στεῦσαι,
451 3478 613 3529 καλόν
666 3494 718 3529 τι
765 3475 950 3528 αὐτόθι
986 3473 1098 3545 [γρ.
1150 3473 1401 3545 ἐνταῦθα]
1447 3475 1742 3545 τρέφεσθαι

160 3568 257 3621 καὶ⁸
286 3553 563 3635 essetam,
592 3564 699 3618 τῶν
737 3566 985 3635 πηγαίων
1007 3607 1021 3630 ,
1047 3566 1156 3617 τῶν
1184 3563 1405 3631 ἀγαθῶν
1454 3565 1549 3617 καὶ
1596 3567 1746 3620 ποτί-

166 3675 284 3727 μων
331 3658 609 3725 ναμάτων,
645 3655 947 3726 βατράχους
997 3656 1094 3709 καί¹
1135 3654 1357 3724 βδέλλας
1406 3657 1742 3724 γεννώντων,

160 3741 240 3800 ὧν
285 3747 392 3798 οὐδ’
442 3748 507 3801 ἂν
550 3750 578 3799 ὁ
630 3747 952 3818 μαινόμενος
983 3747 1256 3814 γεύσαιτο.
1295 3747 1404 3798 Καὶ
1460 3749 1644 3801 εἰκότα
1680 3765 1745 3816 γε

164 3837 471 3903 ἀγνοοῦσιν.
1268 3852 1271 3855 ‘

1852 3206 1973 3258 qua:
2003 3191 2071 3245 de
2105 3194 2351 3260 piscibus
2385 3204 2683 3248 narrantur
2709 3196 3031 3261 abnuerent,
3061 3198 3225 3253 fictile
3249 3199 3431 3268 quod-

1850 3281 1975 3334 dam
2009 3284 2446 3352 apprehendens,
2480 3295 2535 3339 et
2578 3286 2646 3339 ad
2690 3302 2882 3342 saxum
2919 3288 3172 3355 allidens,
3209 3291 3431 3348 allatam

1848 3388 1915 3427 ex
1933 3371 2167 3444 IEgypto
2209 3376 2671 3431 salsamentorum
2701 3381 2918 3449 cepiam
2941 3381 3009 3436 iis
3033 3380 3287 3449 ostendi;
3309 3397 3432 3450 qua:

1851 3465 1928 3518 illi
1947 3466 2214 3519 malorum
2248 3475 2567 3536 serpentum
2601 3485 2833 3540 corpora
2859 3487 2979 3526 esse
3004 3470 3294 3538 dicebant;
3316 3482 3432 3527 sta-

1851 3558 2130 3628 timquein
2162 3559 2343 3628 fugam
2375 3562 2960 3633 prosiliebant,spinas
2984 3562 3427 3629 reformidantes,

1852 3657 2112 3720 tanquam
2142 3651 2314 3705 nihilo
2327 3652 2571 3707 dentium
2596 3670 2807 3709 veneno
2832 3655 3093 3710 mitiores.
3126 3656 3275 3711 lnter
3290 3671 3429 3725 quos

1852 3759 1996 3796 unus
2029 3751 2189 3798 aetate
2212 3746 2457 3799 onmium
2506 3749 2979 3816 provectissimus,
3024 3756 3191 3819 atque
3226 3749 3279 3802 in
3318 3749 3431 3819 opi-

1849 3834 2034 3888 nando
2055 3836 2471 3905 sagacissimus,
2524 3854 2668 3907 aegre
2717 3839 2823 3894 sibi
2858 3841 2927 3896 de
2959 3855 3102 3911 aqua
3120 3840 3264 3896 salsa
3303 3855 3428 3909 per-

166 3945 384 3983 suasu-in
420 3946 539 3985 csse
568 3931 727 3989 dixit.
767 3938 825 3983 ut
869 3932 923 3983 in
954 3944 1017 3983 ea
1042 3905 1203 3983 -boni
1241 3929 1444 3999 aliquid
1485 3933 1740 4000 vescique
1778 3932 2099 3994 nutriretur,
2136 3946 2260 3985 cum
2304 3932 2357 3983 in
2388 3931 2629 3985 fontauis
2658 3932 2816 4001 aquis
2864 3935 3103 4004 optimis,
3148 3945 3202 3993 et
3242 3940 3307 3993 ad
3339 3950 3429 4005 po-

168 4037 283 4091 lum
333 4021 565 4085 idoneis,
611 4022 747 4075 nihil
815 4030 1011 4091 printer
1064 4036 1228 4076 ranas
1265 4030 1318 4075 et
1351 4022 1638 4076 hirudiues
1678 4022 1969 4092 gignatur;
2001 4038 2139 4091 quas
2162 4022 2478 4077 nemoadeo
2524 4024 2755 4080 insanus
2789 4034 2873 4081 est
2909 4037 2968 4081 ut
3019 4037 3244 4099 gustare
3275 4032 3426 4087 velit.

169 4114 276 4168 Nec
302 4114 570 4167 immerito
610 4112 754 4167 isutd
788 4114 1057 4182 ignorant.

169 4210 252 4261 Οὐ
286 4206 391 4275 γὰρ
413 4206 573 4275 σφᾶς
599 4206 666 4259 ἐκ
692 4204 914 4270 νυκτὸς
938 4202 1144 4274 ἐγείρει
1186 4202 1319 4270 κῦμ’
1367 4202 1740 4271 ἐπιθρῶσκον

168 4299 466 4364 πελάγους·
512 4296 626 4348 ἀλλ’
677 4296 858 4348 ἵππων
910 4292 1309 4365 χρεμετισμοὶ,
1351 4293 1446 4343 καὶ
1501 4291 1744 4361 μηκάζον

1926 4198 1979 4253 Ν
1986 4217 2050 4254 οη
2072 4200 2262 4253 etenim
2287 4198 2350 4253 de
2380 4210 2528 4253 nocte
2557 4209 2762 4256 tumens
2787 4203 2882 4257 hos
2908 4207 3103 4260 excitat
3142 4210 3285 4263 unda

1850 4292 2056 4361 pelagi:
2093 4291 2188 4345 sed
2213 4307 2477 4360 equorum
2509 4291 2781 4359 hinnitus,
2809 4303 2864 4349 et
2894 4311 3181 4367 caprarum
3219 4303 3422 4357 vocife-

165 4388 431 4447 αἰπόλιον,
450 4388 541 4438 καὶ
577 4385 886 4455 προϐατίων
919 4384 1108 4453 βληχὴ,
1132 4382 1225 4435 καὶ
1242 4380 1443 4451 ταύρου
1478 4379 1739 4449 μύκημα·

1852 4388 2035 4435 rantes
2073 4395 2285 4450 greges,
2327 4388 2382 4434 et
2405 4380 2589 4435 ovium
2620 4384 2855 4449 balatus,
2887 4394 2941 4441 et
2977 4395 3260 4443 taurorum
3304 4408 3424 4446 mu.

167 4477 391 4548 πρώτης
441 4476 498 4527 δέ
540 4477 754 4536 ἀκτῖνος
815 4474 1215 4542 ἐπιϐαλούσης,
1250 4471 1357 4524 τῶν
1415 4470 1677 4542 μελιττῶν
1713 4472 1741 4522 ὁ

169 4568 489 4638 βόμϐοςμςίς
526 4566 713 4635 ἡδονῆς
769 4565 925 4631 λόγον
968 4565 1190 4634 οὐδεμιᾷ
1228 4562 1576 4633 παραχωρῶν
1612 4578 1744 4631 μου·

168 4663 318 4729 σικῇ.
370 4659 546 4728 Μήτοι
594 4672 674 4707 σοι
720 4654 985 4721 δοκοῦμεν
1019 4653 1387 4721 ἐκδιηγεῖσθαι
1420 4652 1516 4713 τὰς
1558 4653 1743 4720 Ἀγχε-

173 4750 346 4817 μάχου
378 4745 492 4816 [730-
533 4742 885 4813 Ἀγεμάχου],
929 4741 1167 4795 τοιοῦτον
1222 4741 1493 4803 οἰκοῦντες
1548 4742 1737 4812 ἀγρὸν.

168 4840 359 4907 πόρρω
387 4838 611 4899 πόλεως,
643 4836 736 4887 καὶ
764 4834 921 4895 ὁδῶν,
953 4833 1046 4885 καλ.
1076 4833 1362 4902 ἐμπορίας.
1404 4832 1497 4884 καὶ
1528 4835 1745 4903 τρόπων

170 4929 461 4992 ποικίλων;
510 4925 670 4995 Ἡμῖν
720 4924 828 4993 γάρ
887 4926 1001 4976 ἐστι
1052 4922 1213 4993 σχολὴ
1259 4923 1356 4992 μὲν
1411 4923 1743 4991 φιλοσοφεῖν,

170 5019 395 5090 ἀσχολία
415 5018 471 5069 δὲ
500 5017 846 5086 κακουργεῖν.
883 5013 1094 5064 Σύνοδοι
1116 5013 1171 5064 δὲ
1198 5014 1371 5065 πᾶσαι
1402 5014 1569 5064 πᾶσιν
1596 5014 1745 5065 ἐται-

173 5111 345 5181 ρικαὶ,
378 5108 678 5176 χρωμένων
732 5103 980 5173 ἀλλήλοις
1016 5104 1106 5155 ἐπὶ
1146 5103 1453 5172 γεωργίαν,
1495 5104 1585 5154 ἐπὶ
1623 5102 1741 5155 ποία

176 5216 336 5270 μνας,
365 5198 457 5250 ἐπὶ
499 5197 761 5265 ποιμένας
782 5236 795 5257 ,
842 5195 934 5247 ἐπί
963 5195 1134 5265 θήραν
1156 5188 1229 5246 ὧν
1260 5196 1292 5264 ἡ
1322 5195 1392 5263 γῆ
1426 5194 1580 5264 φέρει
1611 5210 1744 5245 παν-

169 5290 431 5357 τοδαπὴν.
471 5288 603 5340 Οὐδὲ
633 5288 741 5355 γὰρ
794 5286 956 5355 νόμος
986 5288 1137 5355 ἡμῖν,
1166 5284 1275 5337 οὔτ’
1297 5287 1481 5348 αὐτοῖς
1513 5284 1623 5337 οὗθ’
1652 5286 1745 5337 ἵπ-

172 5401 315 5447 ποις,
346 5380 602 5452 ἀνιδρωτὶ
655 5382 797 5432 σῖτον
843 5378 1134 5449 αἱρεῖσθαι.
1185 5379 1517 5448 Ἀριστῶμεν
1554 5378 1610 5430 δέ
1660 5378 1745 5429 ἐπ’

1845 4471 2008 4539 gitus.
2031 4471 2160 4525 lnde
2199 4472 2265 4524 ad
2292 4471 2499 4540 primos
2536 4472 2673 4527 solis
2710 4474 2893 4530 radios
2946 4478 3127 4547 apium
3185 4485 3422 4545 sonitus.

1844 4561 1979 4614 nihil
2008 4562 2150 4630 quod
2181 4563 2247 4616 ad
2270 4564 2601 4632 voluptatem
2652 4567 2844 4620 attinet
2883 4570 3096 4625 musico
3131 4578 3419 4629 concentui

1844 4653 2102 4706 deterior.
2152 4654 2235 4706 An
2286 4668 2395 4707 non
2450 4654 2547 4708 tibi
2580 4670 2676 4711 eas
2717 4672 2837 4725 qua:
2881 4658 3251 4716 Anehemachi
3310 4668 3425 4717 lue-

1845 4752 1975 4797 runt
2010 4758 2235 4798 narrare
2270 4745 2555 4808 videmur,
2598 4748 2689 4816 qui
2715 4747 2874 4801 talem
2898 4763 3087 4819 agrum
3118 4753 3429 4815 iucolamus,

1846 4838 1916 4892 ab
1942 4838 2074 4890 urbe
2093 4836 2370 4899 dissitum,
2398 4846 2453 4890 et
2469 4838 2592 4902 viis,
2616 4848 2669 4891 et
2686 4848 2950 4902 mercatu,
2983 4849 3037 4897 et
3060 4845 3294 4899 versutis
3315 4863 3425 4900 mo-

1844 4929 2038 4982 ribus?
2065 4926 2233 4981 Nobis
2288 4928 2455 4998 286
2483 4928 2626 4981 enim
2657 4929 3075 4998 philosophandi
3113 4932 3285 4987 otium
3315 4945 3421 4997 est,

1846 5018 2223 5074 malefaciendi
2243 5020 2474 5074 nullum.
2496 5019 2524 5071 J
2531 5037 2616 5075 am
2633 5030 2936 5079 conventus
2956 5039 3148 5082 omnes
3166 5029 3433 5085 omnibus.

1848 5111 2081 5166 sociales
2115 5118 2261 5168 sunt.
2300 5110 2406 5165 sibi
2441 5111 2673 5165 invicem
2713 5113 2781 5167 ad
2810 5115 3205 5185 agriculturam
3251 5119 3425 5189 opitu-

1847 5203 2117 5266 tantibus,
2149 5203 2213 5256 ad
2238 5218 2450 5273 greges,
2488 5202 2554 5255 ad
2581 5212 2848 5272 pastores.
2867 5206 2934 5260 ad
2958 5216 3213 5265 venatum
3231 5224 3422 5264 eorum

1850 5309 1973 5363 qua:
2000 5302 2142 5347 terra
2173 5292 2295 5355 fert,
2327 5293 2707 5363 multiplicem.
2757 5294 2922 5353 Nefas
2951 5299 3093 5353 enim
3134 5301 3249 5355 sive
3288 5300 3424 5369 ipsis

1851 5379 2033 5445 nobis,
2088 5379 2202 5433 sive
2242 5379 2399 5447 equis
2446 5380 2652 5436 nostris
2698 5390 2804 5447 est,
2837 5384 2957 5440 sine
2998 5385 3198 5440 sudore
3239 5386 3424 5439 cibum

1419 5506 1600 5561 DION.
1637 5502 1912 5561 PETAVII
1941 5505 2176 5562 ΝΟΤίΕ.

244 5614 356 5679 (88)
383 5605 699 5687 [LXXXIX]
730 5606 960 5687 Λίμνῃν
985 5602 1595 5687 τὴιξγάλμυράνλῌωιᾶ
1628 5617 1757 5687 cun-

172 5672 655 5747 ctanter'dt‘tgmpa'w
684 5672 1047 5747 scripsimus.
1071 5672 1212 5747 Nan
1233 5688 1382 5747 mare
1406 5672 1758 5747 λίμνην-,τψ-

176 5730 442 5823 Baiias]
470 5734 521 5801 et
554 5730 707 5800 llom.
731 5730 889 5806 Ἠλὶ,
920 5754 974 5799 et
1004 5742 1147 5813 apud
1172 5740 1370 5797 llerod.
1405 5730 1498 5797 lib.
1532 5730 1601 5797 vn
1627 5730 1761 5797 Χόν-

514 5841 784 5900 ΡΑτιιοι..
824 5837 943 5899 Gn.
995 5836 1212 5897 LXVI.

1853 5620 1949 5678 {es
1974 5603 2381 5678 Hellespontum
2412 5612 2572 5678 vocat
2594 5606 2834 5677 ἁλμυρὸν
2857 5607 3117 5677 ποταμόν.
3149 5605 3313 5678 Atqui
3367 5606 3423 5663 in

1858 5673 1973 5728 νγ.
2010 5689 2118 5729 om.
2149 5672 2400 5743 λαμυρὰν
2424 5675 2528 5744 leg.

3097 5823 3177 5891 δῦ
