3838 6236
463 293 603 350 1347

1593 275 1863 337 SYNESII
1905 269 2368 330 PTOLEMMDIS
2405 267 2716 328 EPISCOPI

3622 267 3744 324 1543

461 424 678 482 capere.
748 406 970 464 Polenta
1030 412 1213 460 autem
1282 403 1556 459 vescimur
1613 417 1736 456 cum
1787 401 1842 454 in
1887 398 2034 456 cibo.

2141 395 2410 466 ἀλφίτοις,
2443 393 2678 464 ἡδίστοις
2708 391 2808 464 μὲν
2834 391 3121 463 ἐμφαγεῖν,
3153 390 3389 461 ἡδίστοις
3413 389 3476 443 δέ
3502 392 3743 461 ἐμπιεῖν,
3775 429 3800 448 ,.

456 501 655 558 tumin
688 507 821 572 potu
871 497 1238 564 suavissima;
1284 494 1598 566 cujusmodi
1642 491 1858 549 Nestori
1906 489 2050 560 apud

462 593 756 649 Homerum
801 591 997 647 miscet
1044 587 1370 644 Hecamede.
1408 586 1719 642 Secundum
1762 585 2051 640 vehemen-

460 693 569 742 tem
599 683 973 755 fatigationem
998 682 1102 738 ista
1135 679 1372 736 sorbitio
1410 677 1587 734 ωειιίνὶ
1627 677 1834 732 caloris
1872 690 2050 732 reme-

459 777 610 832 dium
631 784 740 831 est.
769 773 911 829 Sunt
932 780 987 829 et
1016 771 1176 827 nobis
1200 773 1430 842 insuper
1453 770 1560 824 liba
1585 767 1823 831 triticea,
1845 775 1899 824 et
1922 767 2050 822 edu-

456 867 539 922 ies
582 867 841 922 arborum
908 863 1145 928 fructus,
1207 863 1408 933 partim
1465 858 1798 925 domestici,
1847 857 2047 929 partim

457 967 733 1030 agrestes,
762 957 1042 1012 vernaculi
1086 970 1300 1022 omnes,
1349 952 1562 1009 telluris
1598 952 1817 1024 optimae
1845 948 1998 1006 succi
2029 967 2043 1004 :

453 1060 560 1106 nec
585 1064 746 1119 apum
782 1047 888 1102 favi
923 1047 1143 1110 desunt,
1173 1057 1267 1100 aut
1300 1045 1584 1114 caprinum
1607 1044 1709 1098 lac.
1735 1041 1856 1097 Non
1900 1042 2046 1097 enim

458 1139 706 1210 mulgere
750 1137 916 1192 boves
961 1135 1104 1206 apud
1149 1151 1251 1190 nos
1282 1141 1558 1203 receptum
1598 1132 1834 1188 est.Nec
1870 1133 2049 1186 mino-

454 1240 573 1284 rem
627 1228 834 1283 mensis
887 1229 1093 1282 nostris
1142 1229 1355 1296 copiam
1400 1224 1657 1296 frequens
1717 1223 1948 1278 canibus
1992 1231 2046 1278 et

445 1319 615 1392 equis
642 1326 876 1374 venatus
902 1317 1217 1389 suppeditat
1243 1337 1259 1372 :
1293 1333 1454 1388 quem
1496 1317 1685 1372 nescio
1714 1331 1814 1369 cur
1846 1313 2046 1370 Home-

453 1425 555 1466 rus
593 1411 720 1464 viris
755 1409 1048 1480 gloriosum
1079 1425 1186 1463 non
1231 1409 1504 1479 appellet,
1550 1424 1650 1462 uec
1699 1407 1942 1462 illustres
1988 1405 2044 1460 in

449 1516 520 1556 ea
559 1501 814 1555 homines
836 1499 953 1553 ﬁeri
979 1499 1180 1553 dixerit
1211 1540 1226 1559 ,
1260 1512 1385 1552 cum
1422 1511 1488 1551 eo
1544 1494 1818 1566 praeconio
1863 1492 2042 1547 forum

449 1590 744 1650 aﬂ’cccrit,
807 1606 872 1644 ex
926 1605 1036 1660 quo
1087 1588 1362 1659 perfrictaa
1413 1586 1612 1642 frontis
1642 1585 2043 1640 homunciones

446 1693 521 1737 'ac
553 1682 878 1752 nequissimi
911 1681 1226 1752 prodeunt,
1271 1695 1369 1735 nec
1413 1679 1534 1733 sani
1576 1677 1896 1748 quidquam,
1945 1674 2040 1731 sed

2150 486 2187 540 ἃ
2215 488 2310 539 καὶ
2339 485 2418 555 τῷ
2443 485 2676 555 Νέστορι
2705 484 2956 556 κίρνησιν
2987 482 3323 554 Ἑκαμήδην.
3348 482 3516 536 Μετὰ
3537 483 3641 536 τὸν
3669 484 3745 536 x6-

2151 597 2254 632 πον
2313 577 2536 649 ίσχυρδν
2577 578 2606 630 6
2652 576 2869 630 κυκεὼν
2910 575 3013 646 τῆς
3041 573 3261 645 θερινῆς
3293 574 3447 646 ὥρας
3472 573 3742 643 ἀλέξημα.

2148 670 2263 725 Kal
2321 671 2430 741 μήν
2482 671 2632 723 ἐστιν
2681 668 2814 738 ἡμῖν
2869 667 2966 722 καὶ
3017 665 3222 738 πύρινα
3284 666 3570 737 πέμματα
3603 681 3620 695 ο
3667 665 3744 718 καὶ
3791 703 3806 772 ὶ

2147 761 2370 834 τρωκτὰ
2393 759 2713 832 ἀκροδρύων
2731 757 2866 829 (89),
2891 757 2960 812 τὰ
2988 758 3108 828 μὲν,
3130 758 3337 827 ἥμερα,
3369 757 3443 810 τὰ
3475 757 3526 809 δ’
3559 756 3742 828 ἄγρια,

2149 851 2327 904 πάντα
2359 848 2620 920 ἐγχώρια,
2638 848 2742 918 γῆς
2774 847 3006 918 ἀρίστης
3033 846 3334 918 χυμοὶ,καὶ
3361 845 3543 918 κηρία
3575 846 3743 916 μελιτ-
3799 845 3818 896 ’ς

2147 942 2279 1005 τῶν,
2329 943 2426 995 καὶ
2473 940 2614 1009 γάλα
2659 939 2720 1005 ἐξ
2751 937 2944 1008 αἰγῶν,
2978 939 3053 992 υύ
3101 940 3213 1009 γὰρ
3259 939 3574 1009 νομίζομεν
3630 937 3743 1009 βοῦς
3801 977 3808 1034 ι

2146 1031 2431 1103 ἀμέλγειν.
2459 1032 2616 1085 Ποιεῖ
2639 1030 2696 1083 δέ
2731 1030 2833 1082 οὐκ
2873 1029 3080 1082 ἐλάττω
3117 1029 3218 1100 τὴν
3243 1027 3514 1098 ἀφθονίαν
3550 1029 3617 1080 ἐν
3637 1031 3744 1088 sai;

2145 1123 2468 1194 τραπέζαις,
2509 1123 2607 1178 καὶ
2639 1123 2673 1194 ἡ
2704 1121 2795 1176 διὰ
2828 1121 2940 1175 τῶν
2963 1122 3141 1177 κυνῶν
3169 1122 3265 1176 καὶ
3291 1121 3399 1174 τῶν
3422 1123 3626 1175 ἵππων
3661 1121 3744 1190 θή-

2148 1228 2244 1285 ρα⁶
2269 1215 2336 1285 ἡν
2378 1215 2479 1267 οὐκ
2527 1209 2646 1267 οἶδα
2672 1213 2791 1276 πῶς
2839 1213 2904 1265 οὐ
2954 1214 3249 1284 προσεῖπεν
3284 1213 3542 1282 Ὅμηρος
3562 1212 3743 1265 κυδιά-

2145 1323 2352 1377 νειραν,
2403 1305 2524 1358 οὐδὲ
2556 1303 2906 1376 ἀριπρεπέας
2953 1304 3057 1375 ἐφη
3103 1305 3231 1367 τοὺς
3261 1302 3462 1374 ἄνδρας
3496 1304 3559 1355 ἐν
3609 1304 3741 1372 αὐτῇ

2143 1395 2429 1464 γίγνεσθαι
2450 1411 2466 1429 ο
2495 1393 2592 1465 τὴν
2632 1393 2690 1446 δὲ
2719 1391 2928 1464 ἀγορὰν
2960 1391 3221 1462 ἐγκωμίῳ
3258 1391 3492 1462 τοιούτῳ
3517 1391 3740 1461 τετίμη-

2144 1501 2262 1548 κεν,
2290 1483 2578 1556 ἀνθρώπια
2612 1483 2998 1555 παρεχομένην
3021 1483 3232 1554 ἀναιδῆ,
3255 1483 3350 1536 καὶ
3369 1487 3736 1554 παμπόνηρα,
3807 1476 3818 1502 “

2143 1576 2238 1629 καὶ
2276 1575 2428 1629 οὐδὲν
2477 1575 2634 1644 ὑγιές
2659 1588 2674 1605 ⁸
2697 1575 2834 1629 ἀλλὰ
2865 1574 3103 1647 λοίδορα,
3125 1576 3218 1628 καὶ
3247 1577 3637 1646 κακορραφεῖν
3666 1575 3738 1627 εἰ·
3816 1633 3817 1644 γ

2141 1667 2306 1734 δὸτα;
2343 1668 2460 1737 Ἐφ’
2494 1663 2576 1732 οἷς
2620 1669 2717 1723 καὶ
2747 1669 2998 1739 γελῶμεν
3031 1670 3229 1739 ἡμεῖς,
3252 1667 3384 1720 ὅταν
3433 1668 3572 1721 ποτὲ
3605 1669 3739 1738 ἡμῖν

449 1774 837 1829 contumeliosi
908 1781 964 1828 et
1022 1773 1274 1827 dolorum
1367 1771 1774 1826 machinatores
1826 1765 2036 1831 callidi;

2140 1761 2426 1833 ὀμόρῤοφα
2473 1762 2722 1832 γένηται.
2761 1760 3050 1831 Φρίττουσι
3092 1760 3204 1829 γὰρ
3242 1775 3322 1812 τοι
3378 1758 3523 1832 πρὸς
3559 1759 3631 1812 τὰ
3677 1761 3739 1812 ἐκ

454 1880 595 1936 quos
641 1865 873 1919 irridere
933 1863 1140 1935 passim
1184 1863 1448 1926 solemus,
1498 1863 1717 1933 quoties
1750 1861 2038 1916 uobiscum

448 1955 649 2011 iisdem
682 1955 736 2008 in
766 1954 979 2010 aedibus
1002 1961 1316 2009 versantur.
1351 1951 1588 2008 llorrent
1627 1952 1795 2015 enim,
1823 1966 1948 2007 eum
1973 1965 2042 2005 ex

453 2046 672 2100 camino
690 2052 968 2115 promptas
1004 2042 1207 2097 ferinas
1240 2056 1439 2096 carnes
1472 2041 1677 2097 vident.
1717 2040 1860 2108 Quid
1907 2040 2041 2096 feri-

452 2149 555 2190 nas
571 2136 738 2190 dico?
764 2133 1044 2190 Venenum
1061 2149 1194 2190 sane
1227 2135 1413 2196 citius,
1447 2148 1612 2204 quam
1636 2149 1731 2190 cas
1771 2132 1916 2204 apud
1939 2148 2042 2188 nos

453 2229 883 2301 degustaverint.
914 2228 1116 2284 V-inum
1149 2243 1315 2300 porro
1353 2233 1606 2298 quaerunt
1633 2224 2039 2291 tenuissimum,

451 2321 561 2374 mel
595 2321 1029 2385 crassissimum,
1082 2327 1138 2375 et
1166 2319 1348 2375 oleum
1377 2317 1736 2380 levissimum,
1796 2314 2038 2370 frumen-

450 2417 571 2464 tum
597 2425 729 2464 vero
777 2408 1326 2479 ponderosissimum.
1381 2405 1524 2472 Quin
1567 2405 1776 2476 patrias
1823 2404 2039 2459 illorqu

453 2500 758 2566 celebrant,
793 2500 1056 2571 Cyprum,
1104 2507 1159 2555 et
1193 2497 1510 2570 Hymettum
1543 2497 1734 2554 nescio
1765 2511 1950 2566 quem,
1979 2509 2043 2550 ac

452 2589 796 2655 Plimnicem,
825 2598 881 2646 et
931 2589 1268 2644 barbariam.
1323 2588 1470 2658 Ager
1513 2602 1647 2643 vero
1699 2593 1911 2648 noster,
1937 2586 2041 2641 etsi

454 2683 686 2752 singulis
743 2681 905 2736 rebus
965 2681 1033 2734 ab
1097 2693 1290 2735 eorum
1355 2694 1687 2750 unoquoque
1757 2678 2039 2745 vincitur,

452 2771 547 2840 qui
596 2782 873 2824 summum
919 2783 1108 2823 earum
1159 2767 1380 2837 frugum
1442 2768 1721 2837 fastigium
1750 2767 2041 2832 obtinent;

455 2861 674 2914 caeteris
705 2865 885 2911 tamen
937 2866 1386 2926 lmumqucmque
1422 2863 1668 2925 superat.
1735 2854 1910 2924 Atque
1953 2854 2042 2907 hic

451 2965 520 3004 ex
556 2948 816 3003 secundis
849 2949 1194 3018 principatus
1219 2957 1333 3014 est,
1369 2958 1531 3017 quem
1560 2945 1756 3001 Peleus
1796 2953 1850 3000 et
1893 2942 2040 2998 Thc-

451 3040 736 3094 mistocles
757 3040 926 3100 nacti,
967 3039 1024 3092 in
1069 3038 1328 3093 omnibus
1362 3037 1553 3107 Optimi
1600 3037 1846 3090 omnium
1901 3035 2044 3090 inter

449 3129 979 3198 Graecosrelebrati
1029 3136 1179 3182 sunt.
1214 3128 1476 3194 Quamvis
1526 3137 1706 3182 autem
1763 3126 1909 3180 istud
1941 3127 2036 3179 dc-

451 3236 601 3285 mus,
656 3222 765 3275 mel
825 3227 1074 3274 nostrum
1133 3217 1411 3289 llymettio
1471 3218 1715 3273 deterius
1765 3234 1925 3279 esse,
1985 3225 2040 3271 at

450 3311 731 3380 ejusmodi
761 3320 869 3375 est,
910 3318 970 3365 ut
1002 3324 1068 3366 eo
1097 3318 1371 3380 praesente
1403 3309 1541 3364 nihil
1581 3311 1654 3366 sit
1702 3311 1848 3380 quod
1883 3326 2040 3380 pere-

452 3404 672 3472 grinum
701 3401 968 3471 liquorem
995 3399 1400 3456 desideremus.
1451 3399 1604 3455 Inter
1634 3400 1741 3454 olei
1786 3415 1919 3454 vero
1946 3415 2040 3469 ge-

454 3507 588 3547 nera
617 3490 761 3545 haud
793 3490 960 3546 dubie
984 3497 1237 3546 nostrum
1269 3489 1576 3552 antecellit,
1622 3490 1668 3545 si
1703 3503 1811 3544 non
1850 3490 1917 3543 iis
1950 3503 2039 3541 ar-

453 3585 687 3638 bitrium
715 3583 1082 3652 permittatur,
1114 3598 1348 3653 quorum
1381 3581 1605 3637 vivendi
1634 3583 1930 3651 depravata
1954 3591 2038 3636 est

451 3675 614 3729 ratio.
645 3671 780 3726 Nam
806 3673 860 3726 hi
893 3673 1204 3742 appendere
1230 3673 1362 3728 illud
1393 3673 1597 3736 solent,
1619 3673 1858 3742 pondere
1877 3673 2034 3726 honi-

451 3771 619 3819 tatem
653 3763 976 3827 metientes;
1013 3772 1068 3818 et
1097 3764 1428 3834 praecipuam
1453 3765 1576 3834 ejus
1603 3773 1786 3818 notam
1813 3765 1867 3818 in
1903 3765 2036 3818 levi-

450 3862 564 3910 tate
597 3855 888 3910 collocant.
917 3853 1088 3910 Nobis
1111 3855 1214 3910 etsi
1233 3854 1396 3925 287
1417 3856 1580 3910 nullae
1610 3857 1677 3908 ad
1711 3857 1892 3910 oleum
1921 3863 2036 3908 tru-

451 3944 585 3998 tina:
610 3942 910 3998 cuduntur.
943 3942 1098 4008 Quod
1127 3945 1172 3998 si
1207 3945 1313 3999 hoc
1343 3953 1525 4000 tamen
1569 3946 1795 4001 omnino
1830 3946 2036 4001 facien-

449 4032 582 4086 dum
614 4040 721 4096 cst,
758 4042 972 4086 natura:
1018 4042 1453 4088 consentaneum
1511 4050 1636 4091 esse
1665 4035 1926 4099 dicimus,
1976 4046 2035 4090 ut

449 4125 507 4176 in
537 4138 602 4176 eo
631 4139 834 4194 genere
859 4124 1005 4193 quod
1046 4125 1415 4195 ponderosius
1452 4135 1536 4181 est
1577 4127 1920 4197 praeferatur.
1967 4127 2034 4181 Et

447 4223 602 4268 certe
638 4216 916 4286 egregium
949 4216 1080 4269 illud
1102 4213 1306 4280 (ficum,
1339 4231 1402 4270 ac
1426 4217 1616 4271 venale
1647 4219 1698 4270 in
1739 4217 2033 4286 ellyclmiis

447 4321 562 4376 pra!
588 4307 906 4362 infirmitate
931 4308 1079 4361 alere
1132 4307 1403 4361 flammam
1455 4311 1665 4378 nequit.
1703 4309 1859 4375 Quod
1889 4309 2031 4378 apud

2139 1852 2249 1906 τῶν
2297 1853 2548 1922 καμίνων
2587 1853 2724 1924 κρέα
2757 1853 2824 1906 τὰ
2858 1853 3074 1922 θήρεια.
3119 1852 3226 1904 Kal
3258 1851 3316 1904 τί
3359 1850 3510 1918 λέγω
3535 1851 3607 1904 τὰ
3643 1851 3739 1921 θὴ-

2143 1961 2301 2016 ρεια;
2350 1945 2647 2015 Φαρμάκου
2695 1947 2750 2014 γ’
2790 1944 2856 1998 ἄν
2888 1944 3115 2008 θᾶττον,
3150 1942 3412 2014 ῆτούτων
3443 1944 3581 2014 παρ’
3605 1945 3738 2012 ἡμῖν

2140 2035 2448 2104 γεύσαιντο.
2476 2035 2710 2107 Ζητοῦσι
2733 2035 2789 2089 δὲ
2818 2031 2962 2088 οἶνον
2989 2035 3089 2104 μὲν
3112 2033 3205 2087 τὸν
3233 2033 3592 2099 λεπτότατον,
3615 2034 3733 2104 μέλι

2139 2129 2197 2183 δὲ
2236 2130 2296 2183 τὸ
2341 2129 2674 2200 παχύτατον,
2730 2129 2826 2182 καὶ
2878 2127 3060 2182 ἔλαιον
3117 2129 3216 2198 μὲν
3249 2128 3310 2182 τὸ
3374 2129 3733 2196 κουφότατον,

2142 2221 2316 2290 πυρὸν
2340 2221 2396 2274 δὲ
2423 2220 2516 2274 τὸν
2549 2220 2850 2293 βαρύτατον
2870 2237 2884 2250 ⁸
2913 2223 3008 2274 καὶ
3030 2220 3293 2291 πατρίδας
3321 2220 3507 2272 αὐτῶν
3540 2219 3736 2288 ὑμνοῦ-

2144 2330 2220 2374 σι,
2259 2312 2489 2384 Κύπρον
2521 2313 2618 2367 καὶ
2675 2312 2946 2383 Ὑμηττὸν
2993 2329 3153 2374 τινα,
3183 2311 3279 2364 καὶ
3314 2311 3577 2381 Φοινίκην
3598 2351 3614 2375 ,
3643 2313 3737 2363 καὶ

2145 2403 2438 2475 βάρϐαρον.
2477 2404 2642 2473 Ἡμῖν
2668 2403 2725 2456 δέ
2751 2405 2784 2473 ἡ
2811 2402 2983 2474 χώρα,
3012 2403 3107 2456 καὶ
3151 2405 3200 2456 εί
3241 2400 3363 2454 καθ’
3392 2402 3452 2453 ἒν
3494 2403 3737 2472 ἑκάστης

2141 2497 2368 2567 ἡττᾶται
2397 2495 2501 2564 τῆς
2531 2495 2590 2547 τὸ
2619 2495 2788 2565 ἄκρον
2809 2493 3101 2566 φερούσης,
3124 2495 3238 2557 τοῖς
3253 2493 3462 2556 λοιποῖς
3493 2494 3738 2565 ἑκάστην

2143 2587 2288 2656 νικᾷ.
2317 2586 2428 2638 Kal
2455 2585 2601 2639 τοῦτ’
2625 2585 2739 2638 ἔστι
2781 2585 2842 2638 τὸ
2876 2586 2940 2638 ἐκ
2964 2585 3232 2656 δευτέρων
3258 2586 3554 2655 πρωτεῖον,
3587 2584 3618 2637 ὃ
3644 2586 3735 2639 καὶ

2145 2677 2359 2746 Πηλεὺς
2403 2677 2495 2730 καὶ
2530 2677 2903 2747 Θεμιστοκλῆς
2952 2677 3268 2747 εὑράμενοι,
3303 2677 3483 2730 πάντα
3515 2679 3734 2730 πάντων

2143 2770 2354 2839 ἄριστοι
2400 2771 2515 2831 τοῖς
2547 2769 2806 2839 Ἕλλησιν
2848 2769 3255 2839 ἐκηρύχθησαν.
3307 2769 3370 2822 Εἰ
3421 2767 3478 2821 δὲ
3526 2767 3594 2838 δὴ
3641 2767 3737 2820 καὶ

2142 2857 2366 2929 δοίημεν
2401 2859 2466 2911 τὸ
2500 2859 2662 2926 δεῦρο
2713 2859 2838 2930 μέλι
2864 2862 3044 2931 χεῖρον
3082 2856 3221 2913 εἶναι
3254 2859 3393 2930 πρὸς
3423 2859 3485 2912 τὸ
3528 2859 3739 2930 Ὑμήτ-

2143 2968 2306 3005 τειον.
2355 2951 2517 3004 Ἀλλὰ
2570 2953 2811 3006 τοιοῦτόν
2845 2955 2992 3006 ἐστιν
3015 2995 3031 3018 ,
3065 2951 3180 3006 οἴου
3231 2953 3500 3022 παρόντος
3527 2992 3544 3013 ,
3580 2951 3739 3005 οὐδὲν

2144 3040 2256 3094 δεῖν
2307 3041 2403 3094 τοῦ
2458 3041 2610 3106 ξένου
2666 3043 2867 3113 χυμοῦ.
2915 3043 3136 3097 Ἔλαιον
3180 3045 3368 3114 μέντοι
3423 3042 3620 3111 σαφῶς
3677 3043 3740 3094 τὺ

2142 3133 2418 3202 ἡμεδαπδν
2473 3135 2694 3205 ἄριστον
2721 3176 2737 3200 ,
2774 3134 2840 3206 ῆν
2894 3134 2969 3206 μὴ
3025 3135 3283 3205 κρίνωσιν
3341 3136 3387 3186 οί
3450 3133 3742 3204 διεφθορό-

2139 3240 2231 3287 τες
2262 3223 2361 3295 τὴν
2397 3225 2630 3278 δίαιταν.
2684 3225 2913 3280 Ἐκεῖνοι
2968 3227 3066 3296 μὲν
3120 3225 3229 3295 γὰρ
3283 3225 3416 3279 αὐτὸ
3459 3226 3738 3294 ζυγοστα-

2138 3313 2312 3377 τοῦσι,
2339 3316 2478 3386 ῥοπῇ
2508 3316 2609 3388 τὴν
2637 3317 2838 3387 ἀρετὴν
2868 3315 3232 3381 ἐξετάζοντες,
3258 3316 3354 3370 καὶ
3392 3317 3454 3369 τὸ
3487 3334 3743 3387 μειαγω-

2137 3405 2270 3474 γοῦν
2319 3409 2378 3459 ἐν
2426 3407 2899 3478 πλεονεκτήματος
2961 3409 3128 3480 μοίρᾳ
3175 3407 3504 3477 λογίζονται.
3562 3403 3745 3479 Ἡμῖν

2137 3496 2194 3550 δὲ
2238 3499 2300 3550 οὐ
2352 3497 2704 3568 χαλκεύονται
2749 3503 2848 3569 μὲν
2886 3499 2980 3552 ἐπὶ
3022 3497 3268 3552 τοῦλαιον
3315 3497 3586 3552 τάλαντα·
3613 3516 3748 3568 φα·-

2141 3587 2243 3658 μέν
2285 3590 2376 3654 δὲ,
2427 3591 2585 3662 εἴπερ
2646 3590 2778 3645 αύτδ
2838 3591 2954 3644 δέοι
3013 3592 3217 3654 ποιεῖν,
3263 3589 3424 3658 φύσιν
3465 3586 3614 3646 εἶναι
3680 3593 3749 3646 τὺ

2137 3680 2301 3734 πλέον
2327 3681 2484 3736 ἕλκον
2505 3683 2691 3753 τιμᾷν.
2736 3681 2951 3750 ’Δμέλει
2972 3683 3032 3735 τὺ
3061 3681 3374 3750 θαυμαστὸν
3399 3682 3600 3746 αὐτοῖς
3635 3686 3744 3737 καὶ

2136 3768 2294 3824 ὢνιον
2327 3771 2506 3824 ἔλαιον
2537 3775 2594 3825 ἐν
2620 3775 2738 3836 ταῖς
2768 3772 3100 3844 θρυαλλίσιν,
3128 3773 3219 3824 ὑπ’
3250 3770 3528 3834 οὖδενείας
3563 3772 3743 3826 ἀσθε-

2135 3862 2217 3913 νεῖ
2241 3861 2438 3932 θρέψαι
2475 3863 2668 3932 φλόγα.
2717 3865 2792 3916 Τὸ
2815 3864 2871 3917 δὲ
2898 3863 3182 3934 αὐτόχθον,
3215 3863 3318 3916 ὑπὸ
3345 3865 3745 3933 γενναιότητος
3816 3855 3817 3862 “

2135 3951 2412 4021 πυρκαϊὰν
2449 3953 2578 4023 ὃλην
2622 3953 2892 4023 ἀνίστησι,
2948 3949 3066 4026 κᾷτ’
3119 3954 3336 4006 ἐπειδὰν
3367 3953 3571 4024 λύχνου
3600 3955 3736 4017 δέοι,

2135 4043 2508 4111 χειροποίητον
2529 4042 2739 4114 ἡμέραν
2759 4046 2922 4098 ποιεῖ.
2941 4043 3167 4112 Ἀγαθὸν
3189 4044 3245 4097 δὲ
3257 4043 3490 4113 λιπῆναι
3510 4044 3704 4112 μᾶζαν
3718 4060 3733 4073 ⁸

2137 4131 2343 4199 ἀγαθὸν
2372 4132 2428 4185 δὲ
2479 4133 2831 4203 σωμασκοῦσι
2874 4135 3066 4205 τρέψαι
3094 4134 3279 4204 νεῦρα.
3349 4135 3517 4203 Ἡμῖν
3544 4135 3607 4187 δέ
3643 4138 3732 4188 καὶ

2133 4218 2195 4273 τὺ
2244 4221 2508 4292 μουσικῆς
2553 4226 2740 4293 χρῆμα
2777 4223 3069 4294 ἐπιχώριον
3104 4221 3180 4286 ὡς
3215 4222 3366 4275 οὐδὲν
3414 4223 3591 4285 ἄλλο,
3637 4225 3730 4277 καὶ
3816 4225 3817 4264 l

2134 4309 2281 4363 ἐστιν
2341 4312 2777 4382 Ἀγχεμαχηταῖς
2837 4313 2968 4384 [ῃο.
3015 4311 3383 4385 Ἀγεμαχητ.]
3432 4313 3628 4385 λύριόν
3675 4332 3727 4366 τι

449 4413 554 4453 nos
589 4399 859 4458 nascitur.
900 4413 1008 4468 qua
1037 4406 1122 4454 est
1158 4399 1548 4469 generositate,
1591 4415 1784 4470 rogum
1821 4401 2031 4455 excita-

2135 4403 2450 4470 ποιμενικὸν
2485 4404 2630 4456 λιτὸν
2677 4403 2771 4457 καὶ
2819 4405 3180 4467 αύτόσκευον,
3228 4402 3478 4473 εὖφημόν
3526 4421 3589 4456 τε
3630 4407 3723 4456 καὶ

444 4489 622 4551 verit,
651 4503 715 4542 ac
745 4489 876 4543 dum
914 4489 1139 4543 lucerna
1179 4504 1320 4559 opus
1356 4496 1462 4551 est,
1497 4490 1862 4545 manufactam
1893 4507 2030 4561 quo-

445 4579 741 4636 dammodo
801 4579 948 4634 diem
997 4578 1179 4634 infert.
1250 4579 1331 4632 Ad
1391 4579 1506 4634 lucc
1559 4580 2031 4651 pinguefacicnda’

447 4683 618 4721 mam
646 4675 838 4737 aptum
876 4677 998 4723 est:
1035 4676 1220 4737 aptum
1253 4667 1382 4721 item
1413 4668 1480 4722 iis
1517 4670 1610 4737 qui
1642 4684 1843 4739 corpus
1871 4685 2028 4724 exer-

446 4767 595 4820 cent,
627 4759 693 4812 ad
735 4773 940 4813 nervos
971 4757 1250 4813 fovendos.
1279 4757 1386 4813 Sed
1416 4767 1470 4812 et
1498 4760 1708 4812 musica
1735 4759 1850 4828 ipsa
1881 4760 2023 4829 apud

446 4863 571 4910 nos.
617 4857 679 4903 ut
722 4848 768 4903 si
814 4847 946 4917 quid
993 4847 1164 4910 aliud,
1207 4848 1471 4902 tralatitia
1508 4857 1635 4901 est:
1673 4855 1867 4917 estque
1914 4850 2026 4901 An-

446 4938 824 4993 chemaclietis
857 4939 1150 5009 pastoralis
1189 4939 1435 5008 quaedam
1464 4940 1662 5009 exigua
1686 4941 1834 5010 lyra,
1869 4941 2024 4995 rudis

445 5035 500 5082 et
532 5029 853 5092 incondita,
893 5030 990 5083 sed
1020 5028 1198 5084 felicis
1232 5038 1563 5094 conventus,
1609 5037 1664 5083 et
1698 5031 2023 5099 cumprimis

445 5118 661 5181 virilis;
694 5134 817 5187 quae
840 5134 947 5172 non
985 5119 1260 5173 immerito
1295 5118 1650 5174 instituendis
1690 5119 1744 5172 in
1774 5118 2023 5174 Platonis

449 5224 567 5279 rep.
603 5211 800 5266 liberis
850 5210 1325 5274 accommodetur,
1385 5217 1672 5280 pr0pterea
1715 5210 1865 5280 quod
1909 5226 2026 5266 mo-

2129 4494 2298 4564 ἄρρεν
2347 4495 2639 4562 ἐπιεικῶς,
2684 4496 2783 4549 οὐκ
2828 4493 3044 4559 ἀνάξιον
3074 4497 3200 4557 τοὺς
3232 4497 3290 4547 ἐν
3328 4498 3399 4564 τῇ
3427 4495 3722 4556 Πλάτωνος

2129 4580 2284 4633 πόλει
2312 4582 2509 4644 παῖδας
2538 4582 2844 4653 ἐκτρέφειν.
2878 4582 2966 4643 Ὧς
2993 4582 3055 4635 ού
3085 4582 3358 4649 λογίζεται
3389 4582 3554 4637 τοῦτο
3577 4582 3715 4651 (90),

2127 4669 2248 4723 ούδέ
2276 4671 2474 4744 ἀρετὴν
2502 4671 2614 4742 ἔχει
2648 4671 2957 4743 παμφανῶς
2988 4673 3260 4743 ἡρμόσθαι
3289 4690 3298 4698 ·
3343 4672 3429 4742 τῷ
3453 4673 3513 4725 δὲ
3557 4674 3717 4742 ἁπλῴ

2130 4762 2241 4814 τῶν
2272 4763 2495 4834 χορδῶν,
2529 4763 2918 4833 συμϐαίνουσιν
2949 4764 2999 4817 oi
3033 4763 3416 4834 προσᾲδοντες.
3489 4765 3568 4816 Οὐ
3602 4764 3717 4831 γὰρ

2131 4854 2461 4908 ἐπιτίθενται
2487 4855 2805 4927 τρυφώσαις
2845 4853 3200 4907 ὑποθέσεσιν’
3234 4854 3351 4907 ἀλλ’
3391 4853 3545 4907 ἐστιν
3576 4857 3714 4924 ἡμῖν

2131 4944 2294 4998 καλόν
2330 4962 2382 4996 τι
2427 4946 2613 5015 χρῆμα
2638 4945 2803 5016 ᾠδῆς,
2854 4946 3073 5008 ἔπαινος
3103 4945 3324 5014 ἐνὸρχου
3365 4945 3562 5014 κριοῦ,
3619 4933 3714 4997 καὶ

2128 5034 2158 5084 6
2188 5033 2437 5104 μείουρος
2476 5033 2621 5086 κύων
2648 5033 2924 5102 ἐγκωμίου
2961 5033 3240 5102 τυγχάνει,
3291 5033 3396 5095 ὅτι,
3426 5029 3606 5102 οἶμαι,
3632 5032 3711 5083 δί-

2130 5121 2286 5183 καιός
2315 5123 2452 5186 ἐστι,
2473 5121 2573 5184 τὰς
2601 5121 2787 5185 ύαίνας
2813 5122 2914 5174 οὐκ
2936 5121 3210 5192 ὀρρωδῶν,
3237 5121 3331 5174 καὶ
3355 5120 3710 5191 λαρυγγίζων

2129 5211 2256 5274 τοὺς
2284 5209 2496 5275 λύκους.
2541 5213 2651 5266 Kal
2683 5214 2712 5265 6
2738 5212 3042 5283 κυνηγέτης
3061 5212 3159 5282 οὐχ
3176 5212 3378 5281 ἣκιστα
3556 5209 3709 5276 γίνε-
3789 5229 3818 5260 π

1673 5344 1852 5401 DION.
1893 5344 2164 5402 PETAVII
2206 5348 2436 5406 NOTAE.

517 5461 536 5538 ς
547 5458 636 5525 89)
663 5458 773 5538 Καὶ
799 5455 1028 5538 τρωκτὰ
1070 5457 1510 5538 ΨοὸρύψηΕ
1535 5459 1860 5538 glossemate
1892 5477 2016 5538 esse

2135 5464 2243 5538 sive
2272 5465 2491 5538 fructus
2515 5480 2705 5521 omnes
2724 5467 2938 5538 ligposo
2971 5469 3273 5538 putamine.

445 5529 662 5601 videtur
692 5529 954 5601 alterutra
973 5542 1094 5580 vox.
1118 5527 1352 5601 Τρωκτὰ
1374 5529 1520 5581 enim
1550 5529 1844 5601 idcm_sunt
1868 5533 2014 5601 quod

2195 5534 2306 5602 (9ο)
2354 5535 2456 5606 ,Ὧς
2525 5538 2597 5589 οὐ
2639 5534 2931 5604 Jay-{Istat
2973 5534 3198 5590 ’τοῦτα
3264 5536 3496 5606 Corrigo
3547 5535 3707 5602 λυγῖ-
3816 5553 3817 5580 l

447 5597 741 5670 ἐικρὸδρυα.
784 5596 990 5670 ~Suida}
1039 5598 1240 5670 quippe
1269 5597 1611 5670 τ-ὰηκατακτὰ
1648 5599 1757 5650 τῶν
1782 5596 2013 5670 ὀπωρῶν

2135 5596 2298 5665 gem;
2335 5596 2490 5670 Quod
2521 5607 2586 5660 ad
2611 5596 2957 5663 inﬂéxioncm
2983 5607 3136 5663 vocis
3180 5616 3233 5662 et
3267 5596 3708 5661 modulationem

446 5660 727 5734 dicuntur,
755 5660 864 5740 οἷον
917 5660 1112 5738 κάρυα,
1137 5660 1242 5719 ’καὶ
1287 5666 1506 5736 βάλανοι
1528 5682 1542 5697 ·
1577 5683 1748 5724 nuces
1782 5660 2018 5737 scilicet,

2127 5673 2344 5728 attinet.
