3838 6236
174 260 317 317 1549

1277 232 1674 310 EPISTOLAE.
1705 287 1773 300 —
1817 257 2039 315 EPIST.
2079 259 2319 315 cxux.

3308 266 3449 327 1550

173 393 290 437 ται.
341 377 459 438 ταῖς
514 375 846 444 κατανομαῖς
890 374 1110 444 εἰρήνην
1160 372 1354 432 ποιῶν,
1419 367 1511 420 καὶ
1547 370 1763 443 εὐωχῶν

1874 376 2175 431 dulationis
2200 374 2547 432 inflexionem
2582 392 2693 433 non
2746 378 2964 448 recipit,
3015 394 3116 435 nec
3160 381 3229 435 ad
3285 398 3450 439 omne

172 467 324 539 ἡμᾶς
353 465 611 536 πανδεσίᾳ
636 465 812 537 κρεῶν
836 482 849 495 ·
876 467 911 536 ἦ
938 483 998 518 τε
1032 466 1374 535 διδυμοτόκος
1405 462 1506 527 ὅῖς,
1529 462 1630 519 οὐκ
1658 468 1760 519 ἀπ.

177 556 423 621 αξιοῧται
454 554 554 625 τῆς
587 553 777 624 λύρας,
814 553 896 607 ὅτι
921 553 1091 606 πλείω
1115 555 1223 606 τῶν
1252 554 1388 606 ἐτῶν
1411 554 1670 625 ἐκτρέφει
1695 554 1765 607 τὰ

176 647 378 715 ἔγγονα
406 662 419 677 ³
453 646 553 716 τὴν
586 645 642 698 δὲ
679 645 887 717 κράδην
919 644 1100 715 θαμὰ,
1145 645 1239 699 καὶ
1271 646 1370 715 τὴν
1403 646 1648 716 ἄμπελον
1676 648 1763 699 ὲν-

173 739 450 802 τείναντες
473 738 770 809 ψάλλομεν.
830 738 997 791 Οὐδὲν
1042 738 1099 791 δὲ
1144 740 1268 792 ὅσον
1299 738 1456 810 εύχαί
1483 756 1650 805 τινες,
1684 737 1765 791 ἔτι

175 848 236 883 τε
256 828 428 901 ᾆσμα.
454 830 545 885 καὶ
572 832 815 902 αἰτήσεις
841 828 1064 897 ἀγαθῶν
1086 828 1414 900 ἀνθρώποις,
1433 830 1529 883 καὶ
1553 831 1762 898 φυτοῖς,

176 924 273 977 καὶ
315 922 510 992 βοτοῖς.
559 922 746 977 Ταῦτά
787 939 871 975 σοι
926 924 1023 977 καὶ
1062 922 1132 977 τά
1175 920 1402 976 τοιαῦτα
1449 920 1581 993 παρ’
1634 922 1767 993 ἡμῖν

175 1015 340 1083 ῶρια.
369 1017 462 1069 καὶ
489 1016 713 1088 ἀρχαῖα,
745 1016 835 1070 καὶ
874 1017 1125 1086 πενήτων
1158 1014 1359 1083 ἀγαθά.
1399 1014 1661 1079 Βασιλεὺς
1688 1014 1765 1080 δὲ,

177 1108 273 1162 καὶ
314 1106 580 1176 βασιλέως
612 1108 756 1176 φίλοι
782 1148 798 1172 ,
842 1108 939 1162 καὶ
989 1107 1241 1178 δαίμονος
1268 1108 1530 1180 ὄρχησις,
1584 1101 1672 1159 οἷα
1702 1105 1768 1177 δὴ

180 1199 452 1263 συνιόντες
476 1199 770 1270 ἀκούομεν,
790 1200 1032 1271 ὀνόματά
1061 1218 1183 1255 τινα
1213 1200 1466 1272 καθάπερ
1492 1201 1549 1254 αί
1571 1199 1768 1269 φλόγες

178 1292 273 1344 ἐπὶ
322 1290 464 1362 μέγα
510 1292 610 1362 τῆς
660 1292 820 1363 δόξης
868 1292 1214 1364 ὲξαπτόμενα
1253 1292 1349 1346 καὶ
1396 1292 1766 1362 σϐεννύμενα·

177 1382 350 1436 ταῦτα
374 1382 535 1452 δεῦρο
562 1383 821 1447 ἐπιεικῶς
846 1384 1099 1453 σιγᾶται,
1119 1384 1215 1437 καὶ
1236 1383 1399 1455 σχολὴ
1427 1385 1547 1447 ταῖς
1577 1383 1767 1444 ἀκοαῖς

178 1470 433 1524 τοιούτων
472 1472 859 1543 ἀκροαμάτων.
932 1473 1085 1525 Ἐπεὶ¹
1114 1472 1208 1526 καὶ
1252 1472 1526 1543 βασιλεὺς.
1555 1472 1637 1526 ὃτι
1668 1472 1768 1543 μὲν

179 1564 244 1635 ζῇ
274 1582 357 1628 τις
384 1564 490 1628 ἀεὶ,
522 1564 665 1618 τοῦτ’
697 1566 826 1629 ἴσως
853 1565 1173 1620 ἐπίστανται
1195 1564 1383 1635 σαφῶς
1407 1581 1420 1594 ·
1453 1564 1767 1636 ὑπομιμνη-

179 1656 421 1726 σκόμεθα
442 1656 549 1729 γάρ
571 1655 717 1711 ἅπαν
739 1657 860 1711 κατ’
883 1657 1002 1722 ἔτος
1028 1657 1134 1711 ὑπὸ
1155 1658 1263 1711 τῶν
1286 1656 1615 1726 ἐκλεγόντων
1640 1657 1768 1723 τοὺς

179 1748 595 1818 φόρους.⁶’οστις
615 1747 672 1801 δὲ
691 1740 847 1813 οὗτός
865 1749 1033 1812 ἐστιν,
1046 1750 1106 1802 οὐ
1129 1749 1272 1822 μάλα
1289 1748 1369 1803 ἔτι
1386 1747 1545 1803 τοῦτο
1566 1750 1770 1818 σαφῶς.

112 1870 148 1921 ἦ
191 1837 329 1891 Ἀλλ’
345 1837 452 1891 εἰσί
479 1855 621 1902 τινες
642 1840 698 1892 ἒν
726 1840 879 1911 ἡμῖν,
901 1839 951 1893 οἳ
974 1839 1136 1911 μέχρι
1157 1840 1253 1893 καὶ
1274 1838 1367 1892 νῦν
1382 1838 1762 1909 Ἀγαμέμνονα

180 1932 400 2000 κρατεῖν
423 1929 655 2000 ἥγηνται
701 1928 791 1984 τὸν
833 1928 1112 2000 ’Δτρείδην
1134 1970 1149 1993 ,
1178 1926 1268 1985 τὸν
1294 1928 1386 1983 ἐπὶ
1414 1928 1639 2000 Τροίαν,
1670 1928 1762 1981 τὸν

184 2020 327 2090 μάλα
355 2020 518 2074 καλόν
542 2037 603 2073 τε
632 2021 729 2075 καὶ
752 2020 976 2089 ἀγαθόν.
1014 2020 1183 2074 Τοῦτο
1218 2021 1323 2092 γὰρ
1356 2021 1610 2075 παιδόθεν
1630 2022 1762 2091 ἡμῖν

178 2110 255 2173 ὡς
294 2109 570 2180 βασιλικὸν
618 2110 977 2181 παραδέδοται
1026 2110 1281 2182 τοῦνομα.
1344 2110 1454 2165 Καὶ
1505 2110 1762 2164 Ὀδυσσέα

179 2204 302 2258 τινὰ
350 2205 503 2274 φίλον
545 2205 712 2259 αὑτοῦ
742 2203 1102 2275 ὀνομάζουσιν
1140 2202 1189 2256 οἱ
1232 2202 1460 2274 χρηστοὶ
1493 2201 1759 2273 βουκόλοι,

181 2297 455 2368 φαλακρὸν
489 2296 588 2369 μὲν
608 2295 915 2369 ἄνθρωπον,
937 2295 1073 2350 ά).λά
1098 2293 1270 2350 δεινὸν
1298 2293 1557 2366 ὁμιλῆσαι
1585 2295 1762 2366 πράγ-

186 2405 338 2457 μασι,
393 2389 485 2441 καὶ
532 2389 699 2461 πόρον
740 2390 797 2441 έν
832 2388 1135 2458 ἀμηχάνοις
1167 2388 1364 2459 εὑρεῖν.
1421 2386 1635 2457 ’Λμέλει
1669 2403 1761 2453 γε·

181 2478 366 2543 λῶσιν,
403 2480 529 2533 ὅταν
560 2481 689 2552 περὶ
708 2478 873 2533 αὑτοῦ
918 2479 1149 2547 λέγωσιν
1169 2517 1183 2541 ,
1214 2476 1507 2549 ἡγούμενοι
1535 2477 1763 2548 πέρυσιν

182 2570 620 2639 ὲκτετυφλῶσοαι
658 2571 750 2624 τὸν
780 2569 1097 2625 Κύκλωπαο
1153 2568 1248 2623 καὶ
1289 2568 1364 2633 ὡς
1414 2567 1625 2622 εἵλκετο
1667 2568 1763 2639 μὲν

183 2660 288 2714 ὑπὸ
309 2659 385 2731 τῷ
415 2660 552 2733 κριῷ
574 2660 634 2715 τὸ
660 2662 937 2733 γερόντιον
964 2679 977 2692 ·
1012 2661 1072 2715 τὸ
1096 2658 1153 2715 δὲ
1182 2658 1443 2732 κάθαρμα
1472 2660 1568 2731 τὴν
1595 2659 1764 2732 θύραν

183 2750 388 2822 ὶτήρει,
421 2752 512 2805 καὶ
541 2754 796 2823 ούραγεῖν
817 2752 952 2823 ᾤετο
986 2753 1077 2806 τὸν
1104 2750 1350 2823 ἡγεμόνα
1374 2753 1473 2822 τῆς
1508 2751 1761 2822 ποίμνης,

182 2841 282 2893 οὐκ
303 2842 598 2912 ἀχθόμενον
618 2843 695 2913 τῷ
724 2844 950 2915 φορτίῳ,
977 2846 1044 2916 τῇ
1069 2842 1130 2897 δὲ
1156 2843 1319 2898 αὑτοῦ
1356 2843 1614 2915 συμφορᾷ
1642 2860 1767 2896 συν-

184 2932 497 3002 ἀχθόμενον.
551 2932 767 3001 Ἐγένου
801 2933 973 3004 βραχύ
1008 2950 1061 2986 τι
1086 2933 1173 2987 διὰ
1203 2935 1302 3003 τῆς
1327 2931 1617 3002 ἐπιστολῆς
1646 2932 1765 3003 μεθ’

184 3022 342 3093 ήμῶν
366 3026 431 3093 τῇ
462 3022 653 3094 γνώμῃ
682 3040 696 3055 ο
742 3024 994 3078 τεθέασαι
1021 3024 1113 3077 τὸν
1151 3024 1319 3095 ἀγρόν
1339 3041 1353 3055 ·
1388 3020 1527 3088 εἶδες
1560 3024 1768 3095 ἁπλόην

1866 482 2040 535 genus
2071 475 2156 522 est
2188 468 2339 522 vocis
2375 474 2705 537 temperata.
2733 468 2832 523 Cui
2858 468 3080 535 quidem
3111 470 3297 525 fidium
3320 471 3452 527 sim-

1867 558 2098 627 plicitati
2137 558 2174 611 ii
2205 558 2296 628 qui
2361 558 2619 613 accinunt
2677 560 3099 615 accommodant
3136 571 3290 619 ‘scse.
3328 562 3450 619 Non

1866 650 2011 702 enim
2066 648 2233 705 fracta
2294 663 2357 705 ac
2414 650 2600 705 mollia
2649 660 2976 722 argumenta
3029 662 3305 723 tractant;
3354 656 3451 711 sed

1868 741 2128 808 pneclara
2162 741 2324 797 nobis
2354 742 2629 797 cantionis
2660 743 2872 812 species
2891 752 2975 801 est
3006 746 3236 800 masculi
3263 748 3453 804 arietis

1872 832 2235 899 praeconium,
2268 840 2361 887 aut
2405 833 2580 888 cauda
2632 834 2921 891 mutilatus
2961 836 3119 891 canis
3163 836 3321 893 laude
3353 854 3454 894 sua

1869 920 2127 989 allicitur,
2160 923 2309 992 quod
2342 925 2562 995 opinor,
2593 925 2794 981 merito
2822 925 2876 980 id
2915 926 2967 982 ei
3023 927 3325 994 tribuatur,
3358 931 3450 1000 qui

1869 1027 1970 1067 nec
2010 1013 2229 1084 hyaenas
2259 1013 2536 1081 formidet,
2564 1026 2618 1071 et
2647 1016 2804 1087 lupos
2838 1018 3191 1088 strangulet:
3220 1034 3285 1075 ae
3312 1036 3454 1091 prte-

1870 1105 2060 1161 sertim
2093 1116 2321 1161 venator
2353 1122 2419 1162 eo
2454 1108 2701 1163 carmine
2725 1108 3057 1175 celebratur,
3107 1110 3333 1179 pascuis
3368 1126 3455 1167 se-

1869 1195 2160 1275 curitatem
2196 1212 2495 1270 pacemque
2529 1199 2872 1267 concilians;
2904 1200 3175 1272 nobisque
3203 1202 3453 1257 carnium

1871 1290 2095 1359 generis
2134 1290 2318 1345 omnis
2346 1290 2641 1360 opiparum
2682 1290 2999 1346 convivium
3036 1292 3307 1362 prmbens.
3347 1292 3458 1348 Nec

1870 1379 2223 1449 gemellipara
2254 1380 2373 1435 ovis
2404 1394 2435 1433 a
2467 1379 2583 1449 lyra
2611 1379 2881 1448 rejicitur,
2915 1382 3064 1451 quod
3108 1384 3459 1438 numerosio-

1871 1482 1987 1522 rem
2040 1467 2202 1523 annis
2237 1466 2408 1523 fetum
2458 1470 2721 1523 enutriat.
2756 1470 2913 1541 Saepe
2951 1470 3118 1526 etiam
3166 1473 3330 1526 ficum
3360 1480 3458 1527 aut

1872 1558 2038 1614 vitem
2068 1557 2123 1612 in
2154 1574 2417 1614 numeros
2464 1574 2771 1630 versusque
2810 1561 3116 1630 conjectam
3164 1563 3458 1630 canimus;

1874 1650 1969 1705 sed
2001 1649 2142 1704 nihil
2166 1660 2275 1705 tam
2306 1649 2569 1721 frequens
2613 1665 2777 1721 quam
2820 1660 2945 1705 vota
2990 1653 3240 1722 quaedam
3266 1692 3283 1717 ,
3335 1670 3461 1712 nec-

1808 1758 1847 1814 Β
1879 1756 1987 1796 non
2004 1750 2059 1797 et
2074 1742 2373 1809 canticum,
2394 1750 2449 1797 et
2466 1742 2734 1797 bonorum
2757 1743 3177 1812 postulationes,
3193 1760 3316 1816 qua:
3331 1762 3457 1802 cum

1867 1833 2152 1887 hominum
2193 1834 2327 1897 sint,
2369 1841 2483 1887 tum
2509 1834 2763 1904 stirpium
2797 1835 3181 1907 pecudumque
3206 1840 3456 1908 propria.

1879 1920 2005 1977 Ilaec
2026 1932 2082 1978 et
2102 1923 2232 1977 talia
2255 1932 2388 1978 sunt
2407 1926 2551 1995 apud
2573 1940 2677 1981 nos
2703 1927 3022 1996 tempestiva
3042 1927 3207 1983 simul
3225 1940 3282 1985 et
3308 1930 3456 1985 anti-

1864 2028 1997 2085 qua,
2026 2022 2078 2069 et
2095 2029 2395 2086 pauperum
2420 2016 2589 2071 bona.
2610 2018 2882 2074 Caeterum
2899 2019 3280 2091 imperator,et
3294 2023 3460 2092 impe-

1867 2107 2065 2162 ratoris
2083 2107 2268 2174 amici,
2287 2117 2453 2179 atque
2474 2109 2655 2166 omnis
2687 2110 2780 2165 illa
2809 2111 2977 2167 sortis
2995 2127 3269 2184 casusque
3285 2115 3456 2171 veluti

1866 2198 2084 2254 saltatio
2097 2198 2433 2269 (cujusmodi
2455 2200 2510 2255 in
2528 2201 2850 2272 quotidiana
2869 2206 3269 2261 consuetudine
3286 2208 3458 2261 nomi-

1864 2305 1935 2345 na
1961 2290 2210 2361 quaedam
2238 2293 2515 2358 audimus,
2534 2292 2877 2349 ﬂammarum
2901 2296 3078 2352 instar
3095 2297 3163 2353 ad
3181 2312 3456 2356 summum

1865 2383 2054 2451 gloriae
2091 2383 2329 2439 excitata
2374 2383 2681 2455 fastigium,
2712 2385 3071 2456 vicissimque
3122 2389 3456 2461 restincta),

1865 2471 1933 2530 de
1950 2475 2316 2545 his,inquam,
2346 2478 2604 2533 onmibus
2637 2478 2809 2532 altum
2835 2478 2979 2548 apud
3018 2495 3122 2536 nos
3153 2481 3457 2550 silentium,

1866 2577 1920 2623 et
1937 2567 2006 2623 ab
2026 2583 2092 2623 eo
2119 2584 2318 2639 genere
2347 2580 2721 2625 acreamatum
2747 2586 2910 2627 aures
2937 2580 3140 2628 nostra:
3165 2572 3455 2629 feriantur.

1869 2657 2080 2714 Etenim
2114 2660 2500 2730 imperatorem
2532 2676 2750 2730 semper
2779 2662 3017 2733 aliquem
3052 2664 3258 2731 vivere,
3287 2665 3461 2735 probe

1868 2751 1973 2806 hoc
2001 2752 2258 2807 fortassis
2280 2762 2483 2808 norunt
2516 2772 2530 2809 :
2565 2760 2859 2808 revocatur
2880 2754 3027 2809 enim
3056 2755 3216 2811 nobis
3245 2756 3302 2811 in
3339 2771 3455 2812 me-

1870 2839 2101 2893 moriam
2134 2840 2297 2895 annis
2331 2840 2565 2911 singulis
2602 2841 2671 2893 ab
2696 2841 3030 2895 tributorum
3075 2843 3457 2899 exactoribus.

1868 2926 2133 2994 Quisnam
2175 2938 2357 2985 autem
2389 2930 2480 2984 ille
2510 2931 2603 2992 sit,
2653 2945 2763 2984 non
2799 2947 2954 3000 atque
3010 2933 3155 2987 istud
3204 2943 3465 2991 accurate

1871 3019 2079 3076 sciunt.
2142 3018 2252 3075 Nec
2298 3021 2499 3077 desunt
2532 3021 2675 3077 inter
2705 3038 2806 3078 nos
2834 3023 2928 3093 qui
2987 3023 3261 3095 hodieque
3313 3027 3489 3098 Aga-r.

186 3111 597 3185 πολιτευμάτων
616 3131 629 3144 ·
648 3115 736 3168 τὸν
762 3115 855 3168 ἐπὶ
873 3114 995 3169 Νῶε
1021 3115 1133 3185 βίον
1159 3117 1324 3186 ἐρεῖς,
1359 3117 1490 3187 πρὶν
1518 3115 1763 3184 γενέσθαι

1879 3128 2222 3168 memnonem
2280 3115 2550 3184 imperare
2603 3122 2797 3185 putent
2850 3116 2999 3170 Atrei
3054 3116 3249 3182 filium,
3294 3118 3464 3189 288

185 3205 284 3275 τὴν
308 3205 463 3277 δίκην
493 3207 550 3259 ἐν
574 3206 807 3277 δουλείᾳ.

1886 3220 2011 3258 eum
2050 3204 2144 3274 qui
2177 3206 2245 3261 ad
2279 3204 2501 3277 Trojam
2531 3206 2815 3277 profectus
2839 3219 2925 3263 est
2947 3250 2962 3275 ,
2990 3209 3273 3279 egregium
3306 3209 3463 3263 illum

200 3304 365 3365 atque
395 3298 660 3367 optimum
691 3298 1019 3368 principem.
1048 3295 1162 3352 Iloc
1189 3300 1331 3353 enim
1356 3305 1615 3368 tanquam
1644 3296 1852 3367 regium
1881 3311 2082 3350 nomen
2117 3311 2146 3351 a
2177 3298 2411 3367 pueritia
2435 3299 2597 3355 nobis
2621 3299 2882 3354 traditum
2908 3310 3011 3355 est.
3034 3298 3463 3371 llujusamicum

191 3386 444 3459 Ulyssem
476 3390 766 3460 quemdam
805 3390 1093 3445 nominant
1125 3391 1318 3461 optimi
1353 3390 1595 3455 bubulci,
1637 3392 1854 3445 calvum
1888 3390 2185 3459 hominem,
2210 3391 2303 3447 sed
2343 3406 2526 3446 rerum
2559 3392 2893 3462 agendarum
2931 3406 2997 3447 ac
3015 3391 3462 3448 dillicillimorum

188 3496 534 3551 quorumque
556 3480 1019 3553 cxpediendorum
1043 3483 1300 3552 peritum.
1315 3482 1477 3539 Certe
1496 3483 1641 3538 enim
1670 3484 1870 3548 rident,
1886 3498 2010 3539 cum
2036 3483 2103 3537 de
2130 3483 2252 3554 ipso
2272 3491 2523 3547 narrant,
2543 3498 2690 3537 anno
2710 3484 2992 3553 superiore
3009 3490 3341 3538 excaecatum
3355 3482 3463 3555 Cy-

194 3576 407 3646 clopem
430 3583 689 3647 putantes
708 3620 723 3643 ,
749 3588 803 3632 et
827 3578 1290 3647 quemadmodum
1322 3577 1428 3634 sub
1456 3578 1632 3633 ariete
1659 3593 1829 3635 senex
1854 3578 2213 3645 trahebatur;
2246 3578 2313 3632 ad
2329 3577 2555 3648 januam
2584 3579 2852 3633 scelestus
2873 3578 3229 3645 observabat,
3250 3581 3345 3650 qui
3367 3579 3460 3635 du-

190 3682 309 3721 cem
335 3668 517 3738 grcgis
536 3668 910 3722 arbitrabatur
938 3684 1046 3724 non
1081 3682 1250 3724 onere
1277 3679 1700 3740 prmgravatum,
1728 3668 1825 3725 sed
1854 3669 2031 3741 ipsius
2053 3669 2331 3724 dolentem
2362 3666 2687 3731 infortunio,
2721 3682 2915 3739 agmen
2954 3667 3232 3725 claudere.
3262 3668 3463 3724 Paulu-

206 3763 317 3815 lum
355 3763 541 3816 animo
574 3762 860 3818 nobiscum
894 3762 1141 3833 epistola:
1168 3762 1438 3818 beneficio
1466 3762 1647 3830 fuisti;
1679 3779 1871 3834 agrum
1902 3762 2306 3833 contemplatus
2336 3777 2433 3829 es;
2464 3760 2685 3817 vivendi
2714 3762 3021 3833 agendique
3050 3762 3459 3835 simplicitatem

200 3856 412 3911 vidisti.
452 3856 583 3913 Tale
614 3856 742 3912 vita:
758 3872 931 3928 genus
955 3872 1080 3914 esse
1112 3857 1346 3926 dixeris,
1374 3858 1536 3929 quale
1568 3859 1671 3913 sub
1712 3857 1824 3915 Noe
1854 3858 2085 3924 exstitit,
2120 3865 2413 3929 antequam
2439 3857 2679 3913 servitus
2714 3856 2768 3909 in
2798 3870 3017 3926 poenam
3051 3856 3293 3913 cederet.

686 3988 1032 4043 ΕΠΙΣΤΟΛΗ
1088 3988 1269 4042 PMH'.

845 4098 928 4164 Τῷ
952 4097 1131 4163 αὐτῷ.

265 4191 427 4263 Ἡμῖν
448 4194 533 4247 ἀεὶ
562 4194 655 4247 καὶ
679 4191 838 4245 ἀπὼν
868 4190 1155 4261 ὲπιδημεῖς
1176 4193 1243 4261 τῇ
1278 4192 1489 4265 μνήμῃ.
1523 4193 1631 4245 Καὶ
1660 4191 1767 4263 γάρ

192 4284 304 4339 οὐδ’
330 4285 396 4340 ἂν
427 4287 475 4338 εί
500 4285 641 4339 πάνυ
666 4283 1082 4354 βουληθείημεν,
1116 4282 1467 4337 ἐπιλαθέσθαι
1493 4284 1770 4354 δυνάμεθα

185 4374 292 4446 τῆς
324 4375 665 4444 γλυκυτάτης
713 4391 807 4427 σου
845 4372 1061 4443 ψυχῆς,
1124 4373 1217 4426 καὶ
1263 4371 1371 4425 τῶν
1420 4372 1773 4427 ἀδολωτάτων

2335 3989 2671 4045 EPISTOLA
2701 3986 2982 4044 CXLVIII.

2567 4100 2754 4155 Eidem
2765 4145 2778 4155 .

1930 4187 2102 4245 Nobis
2117 4188 2279 4245 etiam
2295 4189 2495 4244 absens
2511 4189 2796 4259 semperin
2814 4187 3078 4243 memoria
3096 4184 3460 4243 versaris.Ne-

1875 4293 1983 4347 que
1997 4279 2167 4339 enim,
2188 4286 2246 4331 ut
2268 4279 2502 4333 maxime
2521 4278 2775 4341 velimus,
2796 4278 3183 4333 suavissimum
3208 4276 3455 4331 animum

1880 4378 2035 4423 tuum
2084 4385 2373 4441 moresque
2400 4369 2809 4425 sincerissimos
2834 4369 3086 4425 oblivisci
3134 4384 3455 4439 possumus.

187 4466 360 4535 ἠθῶν,
391 4465 584 4533 ἀδελφὲ
619 4465 705 4518 διά
756 4464 932 4517 πάντα
967 4462 1259 4533 Θαυμάσιε.
1327 4463 1416 4527 Ὠς
1443 4463 1594 4517 οὐδὲν
1620 4463 1684 4516 ἂν
1716 4464 1763 4515 ὲν

1878 4458 2051 4514 frater
2089 4461 2142 4513 in
2174 4462 2432 4517 omnibus
2459 4461 2806 4527 admirande;
2842 4460 3287 4531 quandoquidem
3318 4460 3455 4515 nihil

187 4559 323 4627 ἡμῖν
364 4557 571 4624 γένοιτο
600 4557 699 4625 τῆς
738 4556 866 4625 περὶ
901 4555 962 4608 σὲ
1008 4556 1231 4625 μνήμης
1270 4554 1586 4626 ἱερώτερον,
1646 4555 1771 4625 ἥτὺ

187 4648 354 4701 πάλιν
398 4646 831 4717 περιπτύξασθαι
873 4646 969 4715 τὴν
1017 4644 1321 4717 σεδασμίαν
1355 4662 1449 4698 σου
1485 4645 1726 4713 κεφαλήν
1753 4661 1765 4673 ·

186 4738 219 4791 ὂ
249 4738 366 4807 δοίη
389 4738 518 4790 ποτὲ
547 4737 707 4801 Θεὸς,
761 4738 855 4790 καὶ
901 4737 1121 4805 ἦδοιμέν
1163 4754 1249 4801 σε,
1300 4737 1393 4789 καὶ
1435 4735 1769 4804 ἀκούσαιμέν

189 4846 288 4883 σου
318 4829 415 4899 τῆς
463 4829 688 4899 ἡδίστης
730 4827 839 4879 τῶν
870 4828 1044 4896 λόγων
1074 4826 1260 4897 ἠχοῦς.
1320 4820 1498 4889 Ἦσας
1531 4826 1587 4879 δὲ
1622 4826 1769 4895 ἡμᾶς

186 4920 285 4973 καὶ
311 4914 392 4982 οἷς
422 4919 770 4977 ἀπέστειλας,
802 4918 1014 4971 ᾶπαντα
1042 4916 1149 4987 γάρ
1174 4915 1568 4986 ὲκομισάμεθα.
1602 4916 1768 4968 Πλέον

184 5010 247 5065 δὲ
273 5011 498 5079 ὴνίασας
521 5012 667 5081 ἡμᾶς
695 5010 774 5080 τῷ
799 5007 1065 5078 λογισμῷ,
1082 5007 1179 5076 τῷ,
1200 5008 1351 5060 ποίου
1376 5008 1518 5070 τίνος
1549 5006 1767 5076 ἑταίρου

186 5101 393 5164 ζῶντος
428 5100 629 5163 ζῶντες
660 5098 1005 5170 στεροίμεθα.
1056 5097 1237 5150 Ἔλθοι
1263 5097 1325 5166 δή
1362 5114 1487 5149 ποτε
1517 5098 1611 5150 καὶ
1646 5115 1768 5149 συν-

185 5193 381 5261 τυχίας
412 5193 622 5262 καιρὸς,
654 5192 748 5244 καὶ
770 5190 1132 5259 εύτυιχήσαιμι
1160 5187 1317 5239 τοῦτο
1343 5188 1491 5259 παρά
1520 5188 1676 5241 Θεοῦ.

1876 4552 1930 4604 in
1964 4551 2127 4606 nobis
2160 4567 2282 4607 esse
2305 4560 2485 4623 potest
2514 4553 2591 4606 tui
2629 4552 3016 4608 recordatione
3045 4552 3315 4615 sanctius,
3348 4553 3455 4607 nisi

1876 4639 2016 4694 forte
2035 4648 2091 4693 ut
2111 4641 2307 4696 iterum
2330 4641 2642 4698 venerabile
2667 4652 2819 4697 tuum
2837 4643 3237 4713 amplectamur
3252 4651 3415 4713 caput
3435 4660 3451 4697 :

1875 4731 2019 4801 quod
2052 4733 2257 4787 utinam
2310 4735 2605 4804 aliquando
2637 4735 2856 4789 tandem
2899 4732 3044 4789 Deus
3072 4734 3364 4801 concedat,
3395 4743 3454 4789 ut

1874 4832 1931 4875 et
1965 4831 2018 4877 te
2046 4823 2352 4890 videamus,
2400 4834 2455 4878 et
2485 4826 2872 4881 suavissimam
2914 4827 3190 4881 sermonis
3229 4826 3311 4881 tui
3356 4841 3457 4881 vo-

1878 4928 1997 4966 cem
2029 4913 2354 4969 audiamus!
2387 4916 2658 4970 Cmterum
2688 4916 2758 4969 iis
2794 4932 2918 4987 qua:
2948 4918 3170 4981 misisti,
3197 4931 3453 4988 magnam

1874 5006 2036 5059 nobis
2063 5006 2398 5075 voluptatem
2421 5008 2675 5061 attulisti.
2694 5008 3025 5077 Accepimus
3058 5009 3206 5063 enim
3224 5009 3409 5063 omnia
3434 5024 3449 5061 :

1876 5097 1969 5152 sed
2004 5098 2125 5167 plus
2177 5108 2357 5151 tamen
2417 5098 2673 5150 mmroris
2724 5114 2787 5151 ea
2833 5098 3163 5169 cogitatione
3226 5098 3451 5162 dedisti,

1877 5188 2186 5258 cujusmodi
2220 5203 2321 5243 nos
2370 5189 2549 5242 amico
2577 5189 2699 5241 vivo
2723 5204 2787 5243 ac
2814 5190 3059 5258 spirante
3082 5192 3451 5260 privarentur.

188 5287 417 5341 Utinam
453 5286 669 5340 tandem
701 5283 837 5338 illud
866 5291 1083 5351 tempus
1132 5279 1406 5343 adveniat,
1438 5293 1548 5349 quo
1578 5287 1766 5335 mutua
1805 5283 2210 5339 consuetudine
2270 5282 2549 5337 fruamur!
2614 5281 2823 5335 utinam
2877 5291 3028 5336 tanta
3079 5284 3210 5338 mihi
3262 5284 3453 5339 divino

186 5376 461 5437 beneficio
492 5375 724 5433 felicitas
749 5373 1065 5442 contingat!

692 5487 1037 5543 ΕΠΙΣΤΟΛΗ
1081 5482 1263 5540 ΡΜΘ¹.

788 5576 1169 5647 Πυλαιμένει.

264 5676 398 5733 Οὐδὲ
428 5676 526 5745 τὴν
563 5691 659 5744 σην
693 5671 1015 5743 Ἡράκλειαν
1044 5669 1272 5740 ἀνήκοον
1309 5660 1460 5739 οἶμαι
1488 5666 1766 5737 γεγονέναι

2344 5479 2676 5537 EPISTOLA
2716 5480 2949 5536 CXLIX.

2502 5572 2815 5628 Pula'meni.

2502 5593 2549 5626 ι’
2589 5593 2815 5628 ta'mem.

1944 5663 2129 5736 Neque
2164 5672 2315 5721 tuam
2346 5593 2661 5723 Heraeis-Iam
2698 5676 2834 5737 puto
2869 5666 2939 5723 de
2963 5662 3279 5721 Alexandro
3301 5663 3448 5719 cela-
