3838 6236
440 254 570 312 Ιῐὶεί

1463 255 1731 312 SYNESII
1771 254 2238 311 PTOLEMAIDIS
2275 255 2587 312 EPISCOPI

3580 255 3714 310 5352

439 379 547 426 tam
581 388 723 433 esse,
787 375 878 440 qui
929 372 1071 440 apud
1131 388 1229 427 nos
1281 373 1708 444 philosolihatus
1752 384 1856 435 est,
1901 375 2000 428 νίν(

2127 374 2220 428 τοῦ
2264 377 2395 446 παρ’
2443 378 2576 445 ἡμῖν
2607 375 3066 446 φιλοσοφήσαντας
3113 373 3493 445 Ἀλεξάνδρῳ-δι
3534 372 3720 444 ἀνδρὸς

433 465 710 533 ejusmodi
766 466 858 533 qui
916 465 1119 533 ubique
1173 479 1368 534 magna
1420 475 1502 519 est
1548 480 1672 518 cum
1731 464 1903 534 gloria
1963 472 2015 518 et

433 557 842 612 existimatione
877 567 1128 611 versatus
1167 576 1178 609 :

505 649 688 702 Mutus
720 648 871 702 homo
900 659 999 710 est,
1031 649 1118 718 qui
1146 666 1246 701 non
1280 648 1480 702 Alcidte
1507 649 1793 703 admoverit
1823 665 1938 702 ora.

505 739 682 807 Hujus
746 738 888 794 illius
929 739 1292 795 consobrinus
1328 754 1484 793 meus
1527 741 1628 794 has
1657 738 1760 792 tibi
1805 739 2016 792 litteras

441 831 628 893 dabit,
685 831 779 900 qui
833 831 899 884 ad
964 831 1133 899 patris
1193 831 1595 885 aemulationem
1655 845 1763 884 non
1825 830 2012 884 habitu

434 923 558 992 ipso
581 962 596 986 ,
635 921 729 976 sed
767 924 952 977 animo
981 938 1102 976 sese
1147 923 1400 976 contulit.
1443 922 1615 993 lgitur
1642 921 1710 977 ad
1747 923 2016 992 nequissi-

435 1031 553 1068 mos
587 1013 834 1067 homines
864 1013 1035 1072 vadit.
1074 1023 1131 1067 ut
1179 1011 1434 1068 llcrculis
1480 1029 1632 1068 more
1687 1014 1920 1083 patriam
1945 1013 2015 1067 ab

435 1104 502 1157 iis
538 1111 818 1173 repurget,
851 1103 1018 1174 289
1050 1119 1177 1156 vero
1209 1104 1442 1167 scilicet,
1487 1113 1542 1159 et
1596 1103 1828 1160 Hercule
1873 1120 2013 1174 opus

435 1194 568 1255 fuit;
613 1193 708 1246 sed
762 1203 815 1248 et
864 1194 1007 1248 Iolao
1057 1195 1209 1250 socio
1271 1205 1433 1265 atque
1497 1196 1774 1266 adjutore.
1825 1195 2015 1266 Itaque

439 1283 608 1337 Deum
634 1285 853 1355 quidem
891 1287 982 1341 ille
1013 1287 1115 1341 sibi
1148 1287 1298 1341 omni
1331 1304 1434 1357 ope.
1471 1305 1596 1342 cum
1626 1289 1753 1344 vita:
1783 1289 2012 1359 integri-

432 1380 562 1437 tate,
597 1382 712 1429 tum
746 1375 914 1429 animi
953 1377 1159 1446 pietate
1187 1379 1505 1448 propitiabit
1525 1394 1588 1432 ac
1614 1378 1814 1434 ﬂectet.
1836 1377 2011 1433 Tuam

433 1481 566 1522 vero
599 1467 674 1520 illi
698 1483 794 1537 per
821 1468 1031 1522 litteras
1063 1485 1161 1538 pro
1193 1469 1320 1522 lolai
1356 1469 1597 1523 amicitia
1627 1470 2010 1524 conciliamus.

431 1558 665 1612 Tantum
693 1572 857 1629 porro
889 1559 1036 1613 illius
1070 1559 1477 1624 consuetudini,
1507 1569 1774 1630 quantum
1808 1569 2014 1616 nostra

431 1631 660 1702 tribues.
684 1647 841 1714 Quod
875 1648 920 1702 si
947 1647 1314 1704 adolescentis
1338 1649 1711 1706 l'an‘iiliaritate
1735 1667 1869 1707 usus
1895 1651 2013 1707 fue-

971 1845 1310 1903 EPISTOLA
1350 1848 1457 1905 CL.

1113 1939 1321 1994 Eidem.

496 2031 637 2086 Nm)
669 2039 726 2086 tu
777 2031 909 2086 mihi
959 2032 1324 2102 philosophus
1383 2032 1809 2103 perseverabis?
1862 2033 2005 2090 Num

428 2122 519 2176 ille
543 2161 558 2186 ,
599 2136 763 2192 quem
802 2121 1038 2190 reliqui,
1091 2121 1426 2193 Pyla'menes
1451 2161 1467 2188 ,
1501 2139 1694 2180 recens
1720 2125 2006 2183 absolutus

426 2202 674 2276 animus;
697 2210 1056 2280 divinumque
1087 2212 1315 2266 semen?
1342 2211 1585 2284 Tempus
1615 2214 1751 2270 illud
1785 2230 2004 2284 vereor,

424 2301 571 2372 quod
607 2301 676 2356 ab
697 2309 822 2356 ortu
859 2302 1172 2358 intercessit
1205 2320 1219 2367 ;
1253 2305 1536 2375 multoque
1567 2306 1742 2377 magis
1771 2320 2006 2364 consue-

423 2393 668 2447 tudinem
715 2389 820 2446 [οι-ἰ
865 2407 1092 2454 vereor,
1124 2409 1192 2448 ne
1219 2394 1609 2464 multiplicium
1644 2410 1873 2451 casuum
1896 2437 1913 2463 ,
1941 2411 2006 2453 ac

423 2482 772 2552 negotiorum
833 2484 1090 2537 tractatio
1143 2485 1556 2542 sanctissimum
1602 2488 1863 2558 templum
1922 2491 2006 2545 in-

422 2574 655 2644 quinet;
686 2587 903 2630 sacram
936 2581 1174 2630 mentem
1217 2583 1368 2630 tuam
1411 2575 1679 2649 intelligo,
1706 2592 1870 2649 quam
1905 2593 2005 2651 ego

422 2660 477 2713 in
529 2661 722 2730 paucis
771 2661 1156 2732 dignissimum
1209 2663 1302 2721 Dei
1374 2669 1832 2736 conceptaculum
1881 2685 2004 2728 esse

423 2756 679 2812 arbitror.
712 2756 931 2812 Memini
956 2773 1042 2814 me
1067 2759 1290 2828 quidem
1317 2761 1447 2815 olim
1472 2763 1527 2816 in
1551 2765 1690 2819 votis
1717 2763 2000 2829 habuisse.

422 2860 530 2900 una
563 2854 742 2901 tecum
771 2847 1132 2917 philosophiae
1173 2865 1331 2904 sacra
1363 2851 1662 2907 celebrare.
1715 2851 1821 2908 Sed
1864 2871 2003 2926 quo-

421 2935 569 2990 niam
604 2936 726 3006 plus
749 2936 892 3006 apud
922 2944 974 2991 te
1005 2940 1193 3007 patria:
1213 2940 1455 2995 charitas
1490 2943 1702 3010 potuit,
1743 2944 1846 2998 hoc
1877 2961 2001 3015 pre-

425 3034 594 3081 catus
625 3041 769 3091 sum,
808 3035 868 3081 ut
917 3043 1244 3099 quacunque
1276 3037 1436 3085 terrae
1481 3032 1534 3084 in
1569 3041 1723 3102 parte
1753 3034 1997 3104 degeres,

421 3134 523 3190 pro
547 3119 692 3176 virili
725 3121 779 3174 in
808 3121 1210 3192 philosophiam
1237 3125 1606 3182 incumberes.
1632 3128 1997 3194 Quamobrem

419 3227 637 3268 sacrum
675 3223 828 3268 tuum
882 3224 1050 3286 caput
1101 3217 1314 3282 saluto,
1358 3219 1669 3290 iterumque
1706 3237 1769 3275 ac
1800 3223 2000 3293 saepius

423 3301 658 3357 amicum
709 3311 870 3372 caput
905 3306 1086 3359 saluto
1111 3345 1126 3369 ,
1179 3307 1294 3361 sive
1328 3316 1516 3364 tacens
1542 3352 1558 3376 ,
1593 3311 1710 3366 sive
1741 3312 1997 3382 loquens,

423 3391 539 3446 sive
567 3393 838 3460 scribens,
869 3395 986 3449 sive
1022 3397 1159 3449 nihil
1197 3397 1467 3453 scribens.

956 3503 1294 3560 EPISTOLA
1337 3506 1468 3561 CLI.

1111 3613 1314 3672 Eidem.

490 3703 847 3776 Pylaemenem
877 3719 961 3758 me
991 3713 1142 3774 puta,
1172 3706 1352 3775 ipsum
1384 3711 1626 3766 animum
1668 3714 1850 3769 animo
1877 3717 1998 3786 ipso

423 3796 731 3864 complecti.
781 3794 988 3850 Desunt
1035 3797 1171 3850 mihi
1202 3799 1370 3853 verba
1415 3801 1617 3870 Quibus
1658 3813 1869 3873 quanta
1911 3815 1998 3862 est

420 3881 720 3936 voluntatis
754 3881 922 3934 animi
959 3882 1062 3936 mei
1095 3883 1178 3938 vis
1207 3885 1545 3953 ell‘undatur,
1582 3893 1663 3946 vel
1707 3895 1892 3962 potius
1930 3911 1997 3951 ne

423 3972 542 4041 ipse
570 3971 788 4040 quidem
830 3971 1060 4026 allectus
1105 3974 1413 4042 cuiusmodi
1457 3994 1585 4050 erga
1625 3990 1678 4035 te
1723 3985 1776 4036 in
1812 3985 1996 4040 animo

425 4077 547 4116 meo
574 4063 728 4124 insit,
762 4062 1006 4116 invenio.
1041 4063 1146 4116 Sed
1173 4065 1336 4121 homo
1357 4069 1578 4137 quidam
1610 4073 1818 4127 exstitit
1847 4089 1995 4128 ama-

425 4152 690 4205 toriarum
748 4167 936 4206 rerum
988 4155 1235 4222 peritus,
1303 4157 1458 4213 Plato
1521 4162 1798 4219 Aristonis
1851 4165 1993 4222 illius

422 4248 773 4304 Atheniensis
807 4250 861 4303 in
897 4251 1160 4304 amatoris
1206 4260 1426 4314 natura,
1461 4268 1638 4324 eoque
1667 4258 1810 4326 quod
1844 4259 1990 4312 circa

421 4339 648 4395 delicias
669 4353 799 4396 suas
819 4342 922 4396 sibi
950 4340 1200 4396 accidere
1230 4342 1413 4405 vellet,
1443 4344 1770 4402 inveniendo
1793 4350 1989 4414 solers,

2123 466 2436 537 ἁπανταχοῦ
2468 467 2754 531 διαϐάντος
2789 468 2926 536 μετὰ
2958 467 3136 538 δόξης.

2123 649 2333 717 κωφὸς
2360 647 2537 715 ἀνὴρ,
2571 647 2640 713 ὃς
2674 648 2956 716 Ἰιρακλεῖ
2977 651 3172 718 στόμα
3202 648 3289 716 μὴ
3317 647 3708 716 παραϐάλλῃ.
3785 695 3788 702 .

2193 740 2398 793 Τούτου
2432 742 2561 802 παῖς
2583 778 2598 802 ,
2634 739 2764 809 ἐμὸς
2789 739 3027 809 ἀνεψιὸς,
3057 739 3304 792 ἐπιδώσει
3350 757 3434 792 σοι
3465 741 3575 810 τὴν
3599 742 3711 794 ἑπι-
3788 733 3802 846 [

2123 831 2334 901 στολὴν,
2369 831 2463 883 τὸν
2514 831 2766 902 πατρῷον
2798 829 2961 900 ζῆλον
2989 831 3345 893 ύπεισελθὼν,
3392 833 3457 884 οὐ
3499 833 3592 885 διὰ
3619 832 3709 899 τῆς
3791 829 3815 898 ⁸η

2123 921 2337 990 στολῆς,
2367 919 2505 974 ἀλλὰ
2528 921 2614 973 διὰ
2643 921 2742 990 τῆς
2770 921 3015 989 γνώμης.
3052 920 3333 972 Στέλλειαι
3362 916 3459 973 οὖν
3491 921 3591 973 ἐπὶ
3623 937 3707 972 που

2122 1015 2317 1084 νηροὺς
2357 1013 2587 1085 ἄνδρας,
2618 1014 2708 1066 τὸν
2765 1013 3083 1084 Ἡράκλειον
3115 1013 3315 1083 τρόπον
3358 1011 3713 1081 ἐκκαθαίρων

2120 1101 2300 1155 αὐτῶν
2327 1102 2426 1173 τὴν
2463 1103 2714 1174 πατρίδα.
2775 1102 2910 1156 Θεοῦ
2948 1103 3005 1155 δὲ
3043 1103 3150 1156 ἔδει
3175 1103 3347 1170 δήπου
3392 1104 3491 1155 καὶ
3542 1103 3710 1173 Ἦρα-

2120 1195 2312 1258 κλέους
2332 1213 2344 1225 ο
2377 1197 2440 1248 ού
2480 1196 2585 1266 μὴν
2607 1195 2743 1249 ἀλλὰ
2771 1196 2867 1247 καὶ
2891 1195 3066 1248 Ἰόλεω
3105 1197 3397 1266 συμμάχου
3413 1198 3511 1248 καὶ
3538 1213 3712 1267 παρα-

2121 1289 2342 1343 στάτου.
2391 1289 2598 1342 Οὐκοῦν
2633 1290 2724 1342 τὸν
2781 1290 2879 1358 μὲν
2919 1289 3050 1341 Θεὸν
3081 1287 3257 1357 ἑαυτῷ
3300 1293 3576 1359 ποριεῖται
3621 1289 3709 1341 τὸν

2120 1379 2306 1432 ἐνόντα
2343 1379 2576 1449 τρόπον,
2619 1378 2715 1433 καὶ
2766 1379 3082 1448 προσκλινεῖ
3126 1377 3241 1448 βίου
3288 1395 3348 1430 τε
3394 1381 3569 1450 ἀρετῇ
3617 1380 3706 1432 καὶ

3793 949 3815 1046 ῐ

3803 1241 3815 1308 l

3805 1309 3816 1419 l

2118 1469 2346 1540 γνώμης
2371 1469 2623 1540 εὐσεϐείᾳ
2645 1487 2659 1500 ·
2694 1471 2794 1541 τὴν
2823 1469 2879 1523 δὲ
2911 1470 3010 1540 σὴν
3044 1471 3246 1538 φιλίαν,
3266 1470 3386 1523 ἀντὶ
3413 1472 3708 1542 τῆςἹόλεω
3809 1479 3815 1498 ’·

2121 1561 2497 1632 μνηστεύομεν
2527 1563 2688 1632 ἡμεῖς
2722 1562 2869 1632 αὐτῷ
2901 1563 2987 1616 διὰ
3014 1563 3114 1632 τῆς
3149 1563 3456 1626 ἐπιστολῆς.
3494 1565 3705 1636 Συνέσῃ

2114 1652 2172 1706 δὲ
2196 1654 2435 1708 τοσαῦτα
2461 1655 2630 1726 αὐτῷ,
2661 1657 2762 1709 ὅσα
2803 1657 2952 1726 ἡμῖν.
2982 1655 3103 1708 Κᾶν
3133 1656 3313 1728 χρήσῃ
3337 1659 3403 1725 τῇ
3431 1657 3588 1727 φιλία
3611 1658 3705 1710 τοῦ

196 1761 204 1770 -
263 1787 270 1796 ,
337 1781 340 1784 .
392 1797 399 1805 _
428 1736 529 1798 ris,
559 1738 786 1790 omnino
806 1753 892 1792 me
913 1752 1019 1792 non
1053 1739 1256 1791 malum
1289 1740 1626 1797 laudatorem
1649 1740 1822 1797 fuisse
1840 1741 1992 1797 dices

2121 1745 2427 1812 νεανίσκου,
2460 1746 2677 1810 πάντως
2706 1748 2852 1818 ἐρεῖς
2877 1747 2938 1799 οὑ
2967 1747 3169 1817 φαῦλον
3194 1747 3484 1818 ἐπαινέτην
3506 1749 3634 1816 ἐμέ.

2641 1860 2983 1912 ΕΠΙΣΤΟΛΗ
3022 1857 3148 1914 PN'.

2749 1951 2834 2017 Τῷ
2865 1952 3047 2017 αὐτῷ.

2179 2035 2328 2112 Ἆρά
2377 2059 2466 2112 μοι
2517 2045 2700 2113 μενεῖς
2747 2041 2870 2114 [γρ.
2905 2046 3122 2118 μένεις]
3175 2047 3504 2118 φιλόσοφος;
3551 2044 3700 2118 ’Ἄρα

2110 2134 2316 2199 ἐκεῖνος
2366 2135 2426 2189 ὃν
2479 2135 2850 2202 ἀπολέλοιπα,
2905 2139 3256 2210 Πυλαιμὲνης
3285 2181 3300 2204 ,
3355 2142 3389 2210 ή
3443 2140 3698 2209 νεοτελὴς

2107 2225 2273 2298 ψυχὴ,
2306 2226 2367 2279 τὸ
2397 2227 2617 2298 σπέρμα
2634 2228 2696 2281 τὸ
2722 2229 2864 2281 θεῖον
2889 2245 2904 2292 ;
2951 2229 3222 2301 Φοϐοῦμαι
3260 2231 3348 2283 τὸν
3378 2232 3575 2301 χρόνον
3602 2232 3698 2284 τὸν

2107 2316 2217 2369 ἀπὺ
2239 2318 2527 2386 γενέσεως.
2557 2318 2746 2372 Πλεῖον
2771 2319 3040 2391 φοὸοῦμαι
3066 2321 3162 2390 τὴν
3183 2321 3402 2391 ὁμιλίαν
3431 2323 3532 2392 τῆς
3561 2323 3696 2390 ἀγο-

2109 2409 2239 2476 ρᾶς,
2285 2409 2346 2463 τὸ
2391 2409 2794 2464 ὲνειλινδεῖσθαι
2841 2411 2968 2482 [γρ.
3006 2411 3284 2484 ἐγκάλιν.]
3329 2416 3553 2482 συχναῖς
3591 2415 3696 2483 ἤδη

2056 2499 2069 2508 ’
2105 2498 2298 2569 τύχαις
2325 2500 2418 2554 καὶ
2451 2501 2705 2572 πράξεσι,
2733 2503 2807 2574 μὴ
2839 2502 3042 2574 μολύνῃ
3073 2505 3166 2556 τὸν
3207 2504 3509 2572 ἁγιώτατον
3532 2505 3694 2572 νεὼν,

2104 2588 2198 2643 τὸν
2230 2591 2356 2644 νοῦν
2385 2609 2478 2645 σου
2507 2593 2597 2646 τὸν
2643 2594 2817 2663 ἱερὸν,
2863 2594 2922 2646 ὃν
2948 2593 3058 2662 ἐγὼ
3084 2595 3201 2664 μετ’
3229 2594 3426 2662 ὀλίγων
3455 2594 3697 2659 ἀξιώτα-

2103 2701 2196 2739 τον
2225 2686 2465 2756 ὴγοῦμαι
2489 2688 2613 2760 [q-p.
2645 2689 2896 2761 ἥγημαι]
2921 2689 3078 2759 δοχέα
3103 2689 3258 2742 Θεοῦ.
3297 2691 3408 2743 Καὶ
3435 2688 3555 2744 οἶδα
3593 2692 3697 2760 μέν

2102 2793 2186 2830 τοι
2223 2780 2574 2850 συνεργιάσαι
2607 2797 2689 2834 σοι
2718 2781 2787 2834 τὰ
2827 2782 3144 2850 φιλοσοφίας
3165 2781 3328 2851 εύχήν
3371 2799 3504 2835 ποτε
3531 2799 3696 2854 ποιη-

2105 2869 2358 2940 σάμενος.
2409 2871 2560 2924 Ἐπεὶ
2587 2871 2631 2924 δ’
2653 2867 2746 2924 οῦν
2775 2871 3037 2942 κρείττων
3063 2873 3090 2924 ὁ
3125 2872 3224 2942 τῆς
3251 2871 3516 2942 πατρίδος
3548 2871 3697 2942 ἔρως

2103 2963 2351 3028 ἐγένετο,
2397 2962 2652 3033 ηὐξάμην
2695 2963 2827 3016 ὅπου
2877 2964 3007 3017 ποτὲ
3049 2963 3153 3032 γῆς
3192 2965 3329 3033 εἴης,
3366 2962 3696 3032 φιλοσοφίαν

2029 3093 2070 3150 c
2103 3050 2433 3123 ἐργάζεσθαί
2477 3071 2536 3105 σε
2565 3053 2705 3107 κατὰ
2732 3053 2981 3123 δύναμιν.
3041 3052 3344 3125 Τοιγαροῦν
3363 3052 3696 3124 ἀσπάζομαι

2101 3145 2201 3214 τὴν
2232 3143 2390 3216 φίλην
2433 3143 2676 3216 κεφαλὴν
2699 3187 2715 3210 ,
2751 3147 2845 3199 καὶ
2895 3146 3034 3199 πάνυ
3070 3144 3326 3207 πολλάκις
3367 3145 3697 3214 ἀσπάζομαι

2099 3235 2200 3302 τὴν
2226 3235 2386 3305 φίλην
2437 3235 2696 3308 κεφαλὴν,
2729 3235 2821 3288 καὶ
2846 3235 3038 3304 σιγῶν,
3072 3237 3164 3289 καὶ
3190 3235 3384 3304 λέγων,
3428 3236 3522 3289 καὶ
3553 3237 3699 3306 γρά-

2102 3341 2236 3391 φων,
2267 3327 2361 3378 καὶ
2388 3325 2461 3396 μὴ
2488 3327 2732 3396 γράφων.

2608 3525 2955 3580 ΕΠΙΣΤΟΛΗ
2985 3527 3078 3579 ΡΝ
3085 3527 3162 3578 Α’-

2733 3632 2817 3698 Τῷ
2841 3633 3023 3698 αὐτῷ.

2172 3727 2298 3780 Οίου
2332 3742 2398 3795 με
2451 3724 2916 3796 περιπτύσσεσθαι
2948 3723 3325 3795 Πυλαιμὲνην,
3375 3725 3555 3796 αὐτὴν
3587 3728 3700 3798 τὴν

2097 3814 2304 3888 ψυχὴν,
2357 3817 2494 3888 αὐτῇ
2539 3819 2606 3887 τῇ
2651 3815 2817 3886 ψυχῇ.
2861 3815 3080 3882 Ἀπορῶ
3113 3814 3286 3883 λόγων
3319 3809 3400 3877 οἷς
3430 3816 3697 3885 ὲκχέοιτο

2099 3906 2224 3959 ὅσον
2261 3906 2378 3959 ἐστὶ
2411 3906 2509 3976 τῆς
2545 3905 2770 3976 γνώμης
2818 3923 2920 3976 μου
2962 3905 3024 3958 τὸ
3065 3905 3410 3976 βουλόμενον·
3476 3908 3692 3976 μᾶλλον

2091 3993 2153 4047 δὲ
2201 3994 2319 4047 οὐδὲ
2374 3994 2505 4047 αὐτό
2561 4011 2661 4064 μου
2737 3994 2798 4046 τὸ
2843 3993 3052 4058 πάθος,
3110 3994 3218 4048 δτι
3262 3994 3393 4048 ποτὲ
3448 3998 3574 4049 ἐστι
3626 3999 3692 4051 τὸ

2095 4083 2225 4149 περὶ
2273 4083 2331 4136 σέ
2388 4099 2490 4153 μου
2535 4083 2636 4152 τῆς
2696 4082 2874 4152 ψυχῆς
2933 4082 3252 4154 ἐξευρίσκω.
3323 4084 3578 4152 Ἐγένετο
3627 4087 3687 4139 δέ

2093 4190 2178 4236 τις
2209 4174 2346 4244 ἀνὴρ
2384 4174 2554 4236 δεινὸς
2591 4175 2658 4227 τὰ
2698 4175 2971 4245 ἐρωτικά,
3020 4175 3244 4228 Πλάτων
3272 4177 3300 4228 ὁ
3348 4177 3687 4246 Ἀρίστωνος

2107 4263 2410 4335 Ἀθηναῖος,
2463 4265 2692 4336 εὔπορος
2723 4267 2936 4336 εὑρεῖν,
2981 4265 3201 4330 εὔκολος
3226 4269 3402 4320 είπεῖν
3437 4269 3682 4339 ἐραστοῦ

2094 4356 2278 4424 φύσιν,
2306 4359 2400 4410 καὶ
2421 4358 2482 4428 δὴ
2505 4360 2598 4411 καὶ
2627 4359 2656 4411 ὅ
2683 4374 2736 4410 τι
2762 4357 2909 4427 αὑτῷ
2939 4357 3190 4424 γενέσθαι
3217 4358 3428 4429 περὶτὰ
3450 4361 3682 4412 παιδικὰ

419 4433 476 4484 in
501 4431 825 4500 explicando
858 4432 1098 4488 disertus
1147 4446 1210 4485 ac
1247 4431 1445 4488 facilis.
1474 4433 1654 4501 Quare
1697 4437 1746 4497 is
1776 4454 1875 4509 pro
1907 4456 1993 4497 me

2109 4421 2346 4513 βούλεται
2364 4461 2376 4475 ³
2418 4421 2514 4500 καὶ
2540 4447 2677 4518 ὑπὲρ
2714 4447 2849 4517 ἐμοῦ
2874 4421 3052 4500 τοίνυν
3087 4421 3398 4518 ἐξευρηκὼς
3420 4465 3481 4500 τε
3506 4450 3673 4508 ἔστω.

417 4530 566 4585 istud
617 4540 671 4586 et
720 4531 965 4586 inveniat
1011 4540 1065 4586 et
1117 4531 1283 4586 dicat.
1327 4531 1492 4586 Vellet
1533 4533 1726 4601 igitur,
1774 4533 1851 4586 ait
1879 4533 1990 4596 ille,

427 4620 652 4674 Vulcani
675 4622 906 4692 quadam
931 4633 1044 4676 arte
1067 4623 1348 4678 colliauari
1369 4637 1417 4676 et
1445 4623 1758 4688 coalescere,
1805 4637 1994 4676 unum-

415 4729 514 4783 que
552 4729 618 4767 ea:
651 4713 906 4767 ambobus
931 4715 1080 4782 effici.

794 4824 957 4896 290
993 4823 1328 4880 EPISTOLA
1369 4823 1523 4879 ceu.

1093 4915 1298 4970 Eidem.

484 5005 614 5061 Tuae
645 5005 712 5061 ad
740 5021 844 5062 nos
879 5008 1076 5062 litterae
1109 5008 1405 5077 quotannis
1435 5006 1739 5060 alieruntur
1766 5043 1781 5068 ,
1825 5006 1985 5074 quasi

412 5097 460 5154 is
489 5099 559 5153 sit
592 5099 756 5152 etiam
793 5106 1176 5170 tempestatum
1211 5109 1527 5168 proventus.
1563 5097 1742 5168 Atque
1785 5106 1870 5152 est
1893 5098 1983 5152 ille

409 5188 632 5258 quidem
669 5189 801 5242 mihi
835 5191 1044 5245 fructus
1077 5188 1311 5244 fortasse
1342 5189 1660 5258 jucundior,
1693 5205 1856 5258 quam
1885 5191 1980 5259 qui

411 5280 682 5335 mensium
708 5280 1108 5344 vicissitudine,
1143 5289 1196 5334 et
1231 5281 1598 5350 agricolarum
1635 5281 1823 5336 labore
1853 5295 1980 5349 pro-

411 5369 603 5425 fertur.
650 5369 730 5424 Tu
783 5386 912 5426 vero
973 5371 1161 5440 inique
1209 5369 1383 5434 facis,
1435 5373 1527 5441 qui
1583 5386 1772 5427 earum
1823 5370 1982 5426 nobis

410 5463 740 5529 voluptatem
787 5461 1098 5517 subtrahas.
1133 5459 1338 5515 Verum
1375 5461 1459 5515 fac
1502 5462 1828 5516 sententiam
1862 5475 1984 5513 mu-

413 5561 526 5613 tes,
586 5551 851 5618 nobisque
905 5551 1008 5605 hoc
1065 5553 1256 5607 saltem
1290 5565 1434 5607 anno
1471 5552 1779 5608 litterarum
1825 5550 1984 5606 uber-

413 5647 578 5696 tatem
610 5642 871 5712 praebeas.

2091 4538 2186 4591 καὶ
2232 4537 2492 4608 εἰρηκώς.
2552 4541 2821 4593 Βούλοιτ*
2848 4538 2925 4592 ἂν
2970 4534 3116 4603 οὖν,
3150 4540 3313 4610 φησὶ,
3347 4540 3673 4606 Ἡφαίστου

2089 4628 2271 4697 τέχνῃ
2295 4629 2673 4697 συντακῆναι
2693 4647 2757 4683 τε
2777 4630 2874 4683 καὶ
2900 4629 3277 4699 συμφυῆναι,
3297 4631 3394 4684 καὶ
3408 4631 3479 4683 ἐν
3497 4632 3673 4699 ἄμφω

2090 4719 2390 4788 γενέσθαι.

2588 4833 2934 4888 ΕΠΙΣΤΟΔΗ
2969 4833 3140 4890 ΡΝΒ⁹.

2723 4922 2812 4988 Τῷ
2843 4923 3024 4989 αὐτῷ.

2158 5013 2240 5064 Δι’
2287 5011 2438 5076 ἔτους
2484 5015 2614 5083 ἡμῖν
2654 5014 2962 5082 ἀφικνεῖται
3013 5017 3165 5087 παρὰ
3212 5016 3304 5070 σοῦ
3339 5018 3666 5090 γράμματα,

2088 5102 2280 5173 ὥσπερ
2310 5103 2418 5156 τῶν
2445 5103 2603 5175 ὡρῶν
2627 5104 2723 5158 καὶ
2749 5105 2904 5158 τοῦτο
2924 5107 3224 5175 φερουσῶν.
3269 5109 3422 5178 Ἐμοὶ
3454 5111 3551 5180 μὲν
3569 5107 3666 5162 οὖν

2089 5195 2220 5258 ἴσως
2256 5193 2466 5264 καρπὸς
2505 5193 2669 5264 ἡδίων
2702 5190 2884 5263 οὗτος,
2916 5196 2950 5266 ἢ
2999 5196 3059 5250 ὃν
3105 5198 3429 5269 ἐκτρέφουσι
3477 5201 3666 5269 μηνῶν

2082 5285 2301 5350 κύκλοι,
2334 5285 2427 5338 καὶ
2458 5286 2715 5355 γεωργοί.
2773 5287 2845 5340 Σὺ
2877 5285 2934 5339 δὲ
2979 5287 3078 5340 οὐκ
3106 5287 3173 5341 ἂν
3215 5290 3401 5343 εἰκότα
3429 5292 3663 5360 ποιοίης,

2085 5375 2182 5444 τῆς
2211 5377 2303 5430 ἐπὶ
2329 5376 2540 5441 τούτοις
2568 5379 2714 5448 ἡμᾶς
2757 5377 3095 5450 εὐφροσύνης
3122 5381 3458 5450 ἀποστερῶν.
3502 5381 3667 5434 Ἀλλὰ

2087 5465 2319 5533 μετάθου
2343 5465 2442 5536 τὴν
2457 5466 2705 5537 γνώμην,
2741 5468 2835 5521 καὶ
2857 5468 3081 5541 ποίησον
3110 5469 3241 5539 ἡμῖν
3261 5468 3323 5521 τὸ
3346 5469 3475 5537 γοῦν
3497 5467 3666 5540 τῆτες

2085 5553 2370 5625 εὐετηρίαν
2407 5556 2727 5610 ἐπιστολῶν.
