3838 6236
663 499 1011 554 ΕΠΙΣΤΟΛΗ
1040 499 1210 553 ΡΝΓ⁸.

739 591 814 660 Τῇ
843 593 1173 660 φιλοσόφῳ.

219 689 392 758 Τῆτες
414 687 678 757 ὲξήνεγκα
707 684 800 738 δύο
837 684 1014 754 βιϐλία
1051 686 1197 751 (9|),
1233 683 1292 736 τὸ
1329 682 1455 752 μὲν,
1486 682 1591 734 ὑπὸ
1626 681 1717 733 τοῦ

149 780 278 834 0εοῦ
312 778 579 848 κινηθείς·
617 776 678 828 τὸ
705 776 782 840 δὲ,
812 775 918 828 ὑπὸ
952 774 1216 844 λοιδορίας
1245 773 1566 844 ἀνθρώπιον.
1611 775 1719 824 Καὶ

149 873 252 943 γὰρ
279 872 387 924 τῶν
418 871 475 923 ἐν
493 870 708 932 λευκοῖς
736 869 865 922 ἔνιοι
896 868 1144 939 τρίϐωσι,
1179 868 1271 920 καὶ
1302 866 1409 919 τῶν
1433 868 1488 918 ὲν
1517 869 1716 942 φαιοῖς,

149 962 349 1030 ἔφασάν
383 979 447 1031 με
467 963 800 1031 παρανομεῖν
817 961 896 1022 είς
925 958 1265 1028 φιλοσοφίαν,
1301 958 1561 1009 ἐπαΐοντα
1582 955 1716 1007 κάλ-

148 1056 266 1118 λους
308 1056 365 1107 ὲν
390 1053 598 1119 λέξεσι,
655 1052 751 1104 καὶ
795 1049 1032 1122 ῥυθμοῦ,
1086 1050 1178 1103 καὶ
1206 1048 1336 1118 περὶ
1385 1048 1627 1118 Ὀμήρου
1665 1065 1717 1100 τι

148 1147 319 1214 λέγειν
348 1144 631 1211 ἀξιοῦντα,
661 1144 758 1196 καὶ
785 1141 891 1195 τῶν
929 1144 986 1194 ὲν
1016 1145 1134 1204 ταῖς
1165 1139 1474 1211 ῥητορείαις
1507 1138 1719 1208 σχημά-

112 1219 120 1228 ’
147 1233 278 1291 των·
305 1239 380 1301 ὡς
409 1237 472 1306 δὴ
501 1238 590 1290 τὸν
617 1236 906 1304 φιλόσοφον
935 1233 1218 1304 μισολόγον
1251 1227 1389 1285 εἶναι
1419 1233 1716 1301 προσήκειν

149 1330 254 1402 [77).
292 1327 601 1400 προσήκει],
621 1328 714 1380 καὶ
733 1327 868 1396 μόνα
899 1325 1224 1397 περιεργάξε
1235 1325 1355 1378 σθαι
1380 1324 1448 1377 τὰ
1465 1323 1716 1391 δαιμόνια

149 1423 459 1491 πράγματα.
494 1421 601 1473 Καὶ
633 1419 787 1472 αὐτοὶ
813 1418 910 1486 μὲν
941 1416 1135 1486 θεωροὶ
1157 1415 1251 1469 τοῦ
1282 1414 1472 1485 νοητοῦ
1498 1415 1716 1482 γεγονό-

143 1527 262 1573 τεςο
293 1511 393 1580 ἐμὲ
426 1510 482 1562 δὲ
509 1511 569 1562 οὐ
605 1508 780 1576 θέμις,
812 1506 944 1559 διότι
974 1507 1123 1576 νέμω
1153 1505 1278 1560 τινὰ
1313 1505 1506 1575 σχολὴν
1532 1507 1595 1558 ἐκ
1621 1503 1714 1557 τοῦ

145 1604 256 1672 βίου
283 1602 360 1671 τῷ
399 1601 492 1654 καὶ
517 1599 614 1670 τὴν
649 1598 894 1665 γλῶτταν
917 1597 1286 1669 καθήρασθαι,
1328 1598 1420 1649 καὶ
1454 1595 1553 1666 τὴν
1576 1595 1716 1664 γνὼ-

145 1711 249 1764 μην
275 1694 408 1764 ἡδίω
434 1691 703 1760 γενέσθαι.
768 1690 958 1760 Ἑνῆγε
983 1691 1091 1762 γὰρ
1120 1690 1318 1752 αὐτοὺς
1348 1691 1429 1752 είς
1456 1688 1516 1741 τὸ
1549 1705 1716 1740 κατα-

139 1787 352 1839 δικάσαι
382 1802 480 1855 μου
512 1782 646 1854 πρὸς
673 1781 841 1852 μόνην
873 1780 1092 1834 παιδιὰν
1123 1778 1426 1859 ἐπιτήδειον
1457 1775 1615 1842 εἶναι,
1652 1777 1713 1831 τδ

139 1881 236 1942 τὰς
260 1875 636 1946 Κυνηγετικάς
684 1875 750 1927 ὲκ
785 1873 886 1943 τῆς
911 1875 1090 1935 οἰκίας
1132 1874 1232 1926 οὐκ
1258 1868 1352 1925 οἷδ’
1379 1873 1527 1935 ὅπως
1559 1871 1710 1942 διαρ-

141 1971 361 2039 ῥυείσας
386 2011 399 2032 ,
447 1967 846 2035 σπουδασθῆναι
889 1965 1251 2034 διαφερόντως
1279 1963 1382 2016 ὑπὸ
1417 1963 1712 2016 νεανίσκων

138 2063 317 2124 ἐνίων,
365 2055 446 2123 οἷς
495 2057 850 2130 Ἑλληνισμοῦ
877 2074 937 2110 τε
977 2057 1068 2109 καὶ
1105 2056 1323 2126 χάριτος
1369 2053 1565 2124 ἔμελε·
1617 2053 1712 2107 καί

134 2169 254 2204 τινα
278 2149 384 2203 τῶν
408 2151 472 2202 ὲκ
499 2148 783 2219 ποιητικῆς
819 2145 1096 2216 ἐπιμελῶς
1144 2145 1330 2214 ἔχοντα
1351 2184 1365 2206 ,
1413 2146 1506 2198 καὶ
1530 2161 1711 2213 παρα-

133 2243 413 2296 δεικνύντα
440 2258 491 2295 τι
519 2241 616 2311 τῆς
646 2239 880 2312 ἀρχαίας
924 2239 1108 2309 χειρός
1134 2256 1147 2269 ’
1204 2240 1340 2308 ὅπερ
1376 2237 1594 2290 ἐπὶτῶν
1616 2239 1709 2292 ἀν-

131 2335 393 2406 δριάντων
440 2334 618 2400 λέγειν
665 2331 956 2402 εἰώθαμεν.
1036 2331 1176 2385 Ἀλλ’
1221 2331 1443 2384 ἐκείνων
1484 2332 1532 2384 οί
1585 2331 1705 2400 μὲν,

133 2427 367 2496 ἀμαθίας
394 2426 703 2496 ἡγουμένης
731 2426 822 2479 τοῦ
854 2426 1110 2494 θράσους,
1145 2424 1552 2496 προχειρότατοι
1573 2421 1708 2475 πάν·

131 2533 236 2568 των
259 2516 364 2568 εισι
401 2516 524 2583 περὶ
550 2514 644 2568 τοῦ
672 2514 805 2568 Θεοῦ
836 2513 1180 2583 διαλέγεσθαι
1207 2531 1220 2544 ·
1248 2509 1330 2576 οἷς
1361 2513 1426 2566 ἂν
1454 2513 1702 2584 ἐντύχῃς,

127 2607 291 2671 εὐθὺς
340 2607 546 2678 ἀκούσῃ
588 2606 710 2660 τινὰ
741 2607 867 2676 περὶ
898 2606 1006 2660 τῶν
1042 2606 1441 2675 ἀσυλλογίστων
1466 2605 1707 2673 συλλογι-

130 2701 311 2771 σμῶν·
342 2702 434 2753 καὶ
474 2699 549 2770 μὴ
577 2699 846 2768 δεομένων
874 2697 1196 2753 ὲπαντλοῦσι
1227 2697 1336 2752 τῶν
1369 2697 1562 2766 λόγων,
1597 2697 1706 2768 ἰδίᾳ

125 2810 181 2845 τι
219 2791 358 2844 δοκῶ
404 2808 491 2861 μοι
540 2791 793 2861 διαφέρον
827 2791 1031 2854 αὐτοῖς.
1089 2789 1222 2843 Ἀπὸ
1266 2786 1612 2860 γάρτούτων
1647 2788 1705 2840 ἐν

122 2888 245 2948 ταῖς
297 2884 514 2937 πόλεσιν
560 2886 608 2936 οί
655 2882 1104 2952 δημοδιδάσκαλοι
1148 2882 1416 2950 γίνονται,
1453 2882 1481 2933 ό
1508 2880 1704 2933 ταύτόν

124 2976 249 3047 [γρ.
380 2977 494 3028 ὲστι
523 2974 617 3027 καὶ
649 2973 710 3026 τὸ
742 2972 910 3042 κέρας
935 2971 1036 3040 τῆς
1073 2969 1430 3040 Ἀμαλθείας,
1469 2963 1514 3037 ᾧ
1556 2966 1704 3024 οὗτοι

120 3085 189 3138 γε
217 3069 328 3121 δεῖν
358 3066 563 3120 οἴονται
595 3064 851 3136 χρῆσθαι.
918 3060 1330 3128 Ἑπιγινώσκεις
1350 3101 1365 3126 ,
1394 3057 1545 3130 οἶμαι
1567 3099 1580 3122 ,
1641 3060 1703 3112 τὸ

1232 359 1236 367 ’
1310 376 1780 442 EHSTOLIE.-—
1812 389 2026 445 EPIST.
2063 356 2241 449 cciu.

1749 501 1798 560 Α

3260 413 3397 471 £535

2344 507 2674 564 FPISTOLA
2705 512 2879 568 CLIII.

2282 599 2611 670 I’ltt'losopa’tw
2651 607 2939 673 magistra'.

1894 685 2038 739 Duos
2094 687 2195 742 huc
2240 708 2381 743 anno
2440 694 2612 748 libros
2660 696 2847 758 edidi,
2905 699 3134 754 alterum
3194 719 3222 754 a
3261 702 3393 772 Deo,

1822 779 2048 830 alterum
2104 783 2368 836 conviciis
2454 785 2738 839 hominum
2836 789 3124 857 impulsus.
3184 792 3394 849 Etenim

1822 872 2068 924 nonnulli
2136 873 2473 942 candidum,
2523 878 2731 947 pullum
2791 880 2881 934 alii
2935 882 3193 937 amictum
3259 901 3395 955 prin-

1820 960 2142 1025 ferentium,
2212 981 2441 1035 peccare
2500 985 2585 1024 me
2639 969 2694 1024 in
2757 972 3158 1042 philosophiam
3212 976 3391 1044 jacta-

1821 1052 1984 1117 baut,
2043 1054 2188 1124 quod
2248 1057 2304 1110 in
2360 1059 2541 1114 verbis
2599 1071 2941 1116 venustatem
2996 1080 3394 1136 numerumque

1818 1154 2204 1214 consectarer;
2237 1152 2380 1220 quod
2407 1150 2474 1205 de
2499 1149 2756 1217 Homero,
2783 1156 3130 1225 propriisque
3165 1160 3392 1213 oratorii

1818 1238 2032 1291 artilicli
2085 1239 2274 1309 ﬁguris
2323 1241 2655 1298 mentionem
2706 1244 2874 1299 ullam
2916 1244 3196 1302 facerem:
3234 1251 3393 1318 quasi

1818 1329 2203 1399 philosophum
2258 1332 2563 1388 litterarum
2625 1349 2841 1390 osorem
2906 1352 3032 1392 esse
3097 1350 3390 1408 Oporteat,

1817 1420 2047 1489 solaque
2071 1423 2379 1476 divinarum
2405 1439 2588 1478 rerum
2617 1427 3041 1496 investigatione
3065 1427 3390 1484 distentum.

1817 1511 1881 1564 Et
1905 1512 1977 1565 illi
2013 1514 2233 1583 quidem
2285 1515 2405 1584 ejus
2449 1516 2594 1587 quod
2629 1519 2989 1588 intelligentia
3025 1524 3392 1592 comprehen-

1815 1601 1965 1657 ditur
2015 1607 2387 1673 speculatores
2438 1618 2568 1663 sunt
2613 1626 2625 1660 :
2672 1610 2804 1664 mihi
2853 1617 3033 1666 autem
3083 1612 3238 1668 nefas
3284 1624 3390 1677 est,

1814 1703 2102 1764 propterea
2144 1698 2287 1766 quod
2319 1700 2415 1752 otii
2459 1699 2698 1770 aliquam
2744 1717 2774 1756 e
2804 1702 2915 1755 vita
2954 1708 3165 1770 partem
3214 1705 3395 1757 exime

1815 1787 1881 1839 ad
1914 1787 2152 1856 linguam
2181 1788 2611 1858 procudendam,
2660 1801 3007 1860 mentemque
3043 1793 3228 1862 aliqua
3256 1795 3394 1848 hila-

1816 1877 1977 1932 ritate
2005 1879 2382 1935 recreandam.
2423 1879 2551 1936 Ideo
2579 1891 2760 1937 autem
2806 1884 3026 1938 adducti
3060 1895 3193 1939 sunt
3223 1895 3282 1938 ut
3307 1902 3392 1941 nze

1813 1968 1879 2024 ad
1899 1970 2138 2025 ludricra
2179 1974 2447 2027 duntaxat
2477 1973 2732 2029 idoneum
2770 1990 2892 2030 esse
2923 1976 3196 2040 dicereut,
3231 1973 3378 2046 quod

1812 2076 1937 2116 cum
1972 2063 2297 2134 Cynegetica
2325 2079 2445 2118 mea
2478 2067 2666 2121 nescio
2697 2066 2974 2136 quomodo
3003 2068 3139 2122 meis
3165 2083 3232 2122 ex
3258 2068 3390 2123 redi-

1813 2151 1916 2206 bus
1959 2154 2302 2223 erupissent,
2347 2170 2604 2225 magnum
2636 2157 2904 2227 imprimis
2959 2158 3016 2212 in
3057 2158 3390 2227 quibusdam

1811 2243 2254 2302 adolescentibus
2279 2247 2592 2301 excitarunt
2623 2249 2864 2304 studium
2889 2250 2996 2316 sui,
3027 2253 3120 2320 qui
3145 2249 3389 2306 Graecam

1813 2335 2123 2391 facundiam
2165 2346 2220 2393 et
2261 2339 2502 2409 leporem
2539 2339 2900 2405 adamarent;
2948 2343 3329 2413 nonnullaque
3356 2359 3389 2398 a

1810 2429 2027 2498 poetica
2080 2444 2204 2483 cum
2250 2429 2436 2485 studio
2484 2429 2762 2499 profecta,
2804 2441 2858 2486 et
2906 2433 3146 2503 antiqua:
3193 2448 3390 2491 manus

1809 2521 2014 2591 aliquid
2054 2536 2166 2590 pra:
2195 2536 2256 2576 se
2288 2521 2516 2574 ferentia
2546 2520 2842 2590 probarent
2867 2561 2883 2588 ,
2912 2523 3060 2593 quod
3097 2524 3166 2579 de
3189 2525 3394 2580 statuis

1785 2604 1993 2667 dicere
2021 2614 2284 2668 solemus.
2323 2609 2430 2666 Sed
2478 2611 2625 2666 inter
2656 2611 2781 2667 illos
2816 2613 2933 2677 alii,
2965 2615 3183 2670 inscitia
3209 2615 3389 2670 auda-

1807 2704 1906 2758 cia:
1941 2709 2244 2772 praeeunte,
2285 2701 2532 2755 omnium
2582 2708 2713 2757 sunt
2745 2703 2812 2757 ad
2861 2719 3148 2762 sermones
3176 2705 3244 2761 de
3277 2704 3390 2762 Deo

1808 2792 2177 2848 instituendos
2207 2793 2642 2862 promptissimi;
2667 2794 2719 2847 in
2747 2809 2887 2862 quos
2913 2796 2958 2850 si
2982 2795 3217 2860 incidas,
3248 2812 3391 2866 quae-

1805 2883 1930 2936 dam
1967 2885 2151 2938 statim
2175 2885 2242 2937 de
2268 2899 2553 2952 perperam
2587 2885 2840 2940 collectis
2869 2886 3392 2942 ratiocinationibus

1805 2977 1994 3030 audies
2031 2995 2044 3031 :
2076 2989 2140 3029 ac
2171 2976 2259 3030 vel
2296 2976 2442 3029 aliud
2487 2977 2780 3045 agentibus
2833 2977 3142 3033 istiusmodi
3175 2993 3390 3034 sermo-

1806 3082 1906 3122 nes
1932 3067 2256 3140 infundunt,
2283 3067 2428 3134 quod
2454 3066 2708 3134 privatim
2743 3081 2866 3130 sua,
2890 3077 2950 3120 ut
2977 3069 3195 3136 opinor,
3225 3069 3388 3122 inter-
3415 3081 3420 3088 ‘

119 3166 288 3236 φῦλον
319 3161 474 3215 τοῦτο
496 3159 555 3211 τὸ
582 3157 780 3229 ῥᾴδιον,
804 3157 833 3209 ὃ
850 3154 1124 3209 διαϐάλλει
1145 3153 1398 3222 γενναίαν
1420 3152 1694 3207 ὑπόθεσιν.

1809 3165 1907 3213 est.
1939 3156 2017 3210 Ex
2041 3157 2110 3212 iis
2137 3156 2284 3212 enim
2314 3157 2740 3214 concionatores
2766 3157 2821 3211 in
2847 3157 3165 3214 civitatibus
3197 3159 3332 3212 fiunt
3367 3186 3381 3221 ε

119 3261 272 3333 quod
305 3261 447 3313 idem
495 3265 578 3309 est
625 3269 690 3306 ac
722 3253 767 3306 si
798 3250 1097 3304 Amaltheae
1143 3262 1317 3303 cornu
1352 3247 1585 3313 dixeris,
1639 3263 1750 3319 quo
1787 3249 2008 3320 quidem
2053 3247 2318 3304 utendum
2360 3264 2482 3304 esse
2536 3250 2611 3302 illi
2665 3255 2877 3317 putant.
2921 3247 3224 3318 Agnoscis,
3265 3249 3388 3318 opi-

118 3370 252 3413 nor,
307 3350 521 3404 facilem
577 3361 640 3400 ac
706 3341 1002 3413 proclivem
1052 3338 1335 3393 hominum
1393 3339 1690 3404 nationem,
1728 3353 1852 3408 quae
1909 3354 2234 3408 generosum
2297 3340 2465 3393 animi
2539 3340 2880 3410 propositum
2957 3337 3308 3393 criminatur.

198 3438 362 3498 Οὗτοί
416 3456 482 3509 με
537 3435 803 3506 μαθητιᾷν
853 3433 1063 3493 ἑαυτοῖς
1103 3427 1349 3494 ἀξιοῦσι,
1399 3427 1491 3482 καί
1533 3444 1694 3496 φασιν

115 3533 416 3599 ἀποφανεῖν
451 3526 600 3588 ἐντὸς
632 3523 811 3591 ὀλίγου
837 3521 904 3573 τὰ
924 3521 1049 3590 περὶ
1075 3519 1208 3572 Θεοῦ
1237 3517 1691 3587 παντο).μότατον,

116 3625 334 3696 ἡμέρας
361 3620 485 3690 ἐξῆς
518 3618 611 3671 καὶ
648 3616 846 3676 νύκτας
877 3610 1158 3681 ἀγορεύειν
1190 3610 1504 3678 δυνάμενον.
1540 3609 1697 3659 Ἔτε-

115 3733 205 3788 ροι
228 3715 284 3767 δὲ
312 3714 360 3766 oi
398 3710 614 3764 κάλλιον
656 3705 982 3778 ᾐσθημένοι,
1015 3701 1304 3774 παραπολὺ
1350 3699 1551 3752 τούτων
1589 3699 1696 3751 εἰσὶ

113 3784 664 3874 κακοδαιμονέστεροι
705 3795 984 3866 σοφισταί·
1026 3795 1119 3847 καὶ
1171 3793 1443 3862 βούλοιντο
1491 3791 1587 3859 μὲν
1628 3789 1694 3842 ἂν

113 3899 212 3953 ἐπὶ
251 3901 363 3959 τοῖς
396 3896 578 3956 αὐτοῖς
611 3891 936 3957 εὐδοκιμεῖν·
985 3885 1099 3939 ἀλλ’
1137 3883 1422 3952 εὐτυχοῦσι
1458 3881 1520 3933 τὸ
1557 3879 1694 3950 μηδὲ

109 3988 276 4042 τοῦτο
301 3982 574 4038 δύνασθαι.
608 3981 715 4032 Καὶ
735 3973 1067 4043 οἷσθάπινας
1094 3974 1151 4023 ὲν
1173 3969 1534 4038 λογιστηρίοις
1561 3968 1695 4019 ἀπο-

110 4079 331 4139 δόντας,
360 4075 392 4144 ἢ
422 4074 637 4134 πάντως
665 4069 770 4122 ἀπὸ
796 4067 922 4128 μιᾶς
950 4064 1012 4129 γέ
1044 4080 1136 4116 του
1166 4061 1448 4130 συμφορᾶς
1473 4061 1695 4112 ἀναπει-

116 4169 347 4230 σθέντας
385 4167 440 4216 ἐν
473 4159 789 4234 μεσημϐρίᾳ
818 4155 911 4210 τοῦ
945 4155 1060 4225 βίου
1103 4152 1432 4220 φιλοσοφεῖν,
1461 4149 1566 4200 ἀπὸ
1597 4148 1695 4216 μό-

113 4277 210 4312 νου
237 4257 330 4310 τοῦ
353 4257 475 4317 τοὺς
506 4253 660 4314 θεοὺς
688 4247 999 4318 ἀπομόσαι,
1032 4245 1124 4296 καὶ
1155 4241 1453 4311 κατομόσαι
1483 4240 1694 4292 Πλατω-

113 4349 317 4410 νικῶς·
345 4345 436 4408 οὓς
470 4344 725 4413 φθάσειεν
754 4339 819 4394 ἀν
859 4341 890 4407 ἡ
924 4336 1052 4390 σκιὰ
1097 4331 1444 4404 φθεγξαμένη
1490 4350 1541 4384 τι
1585 4332 1692 4382 τῶν

113 4436 366 4490 δεόντων.
410 4430 566 4501 Δεινὴ
609 4429 665 4482 δὲ
698 4430 844 4496 ὅμως
876 4429 909 4496 ἡ
938 4423 1316 4494 προσποίησις.
1358 4421 1428 4473 Ἥ
1475 4438 1534 4472 τε
1585 4420 1691 4494 γὰρ

111 4524 307 4594 ὀφρῦς,
341 4519 504 4589 βαὸαὶ
547 4517 644 4586 τῆς
688 4515 999 4577 ἀνατάσεως
1043 4515 1122 4577 εἰς
1163 4513 1286 4564 ὅσον
1309 4509 1494 4584 ἦρται·
1537 4514 1688 4582 καὶὴ

110 4615 237 4684 χεὶρ
269 4610 538 4681 ὑπερείδει
577 4608 635 4660 τὸ
676 4607 900 4674 γένειον.
932 4606 1014 4658 Τά
1048 4622 1108 4657 τε
1138 4605 1273 4659 ἄλλα
1314 4622 1692 4675 σεμνοπροσωσ

1872 3428 2030 3500 291
2072 3426 2135 3481 Hi
2180 3443 2266 3484 me
2305 3429 2360 3483 in
2397 3445 2553 3485 suam
2593 3430 2776 3485 venire
2803 3430 3150 3500 disciplinain
3194 3437 3385 3498 postu-

1801 3520 1946 3581 lant,
1997 3520 2257 3589 brevique
2290 3521 2714 3590 repromittunt,
2757 3536 2842 3575 me
2878 3520 2932 3574 in
2977 3519 3180 3574 divinis
3221 3520 3388 3576 rebus

1801 3610 2228 3664 audacissimum
2259 3626 2359 3666 sua
2393 3625 2557 3680 opera
2595 3610 2842 3666 futurum
2867 3652 2880 3674 .
2925 3619 2984 3665 ut
3013 3619 3203 3667 noctes
3235 3611 3385 3666 dein-

1801 3714 1932 3769 ceps
1974 3715 2098 3754 cum
2143 3700 2338 3755 diebus
2391 3700 2728 3770 disputando
2769 3701 2979 3770 possim
3025 3702 3380 3773 conjungere.

1801 3790 1926 3850 Alii,
1958 3789 2051 3858 qui
2081 3789 2275 3844 melius
2295 3791 2560 3851 sentiunt,
2587 3792 2744 3861 longe
2772 3801 2901 3847 sunt
2929 3793 3014 3846 his
3046 3792 3381 3849 iufeliciorcs

1801 3881 2081 3950 sephistae.
2118 3879 2255 3935 Nam
2293 3883 2492 3936 vellent
2534 3883 2569 3936 ii
2615 3883 2834 3952 quidem
2879 3883 3068 3938 eadem
3122 3883 3382 3938 facultate

1800 3969 2024 4035 ﬂorere;
2059 3970 2155 4026 sed
2194 3975 2248 4025 in
2284 3987 2350 4025 eo
2381 3971 2568 4028 felices
2592 3982 2755 4035 sunt,
2790 3972 2936 4040 quod
2974 3988 3041 4027 ne
3074 3972 3125 4026 id
3155 3973 3376 4042 quidem

1800 4071 2184 4130 assequantur.
2222 4061 2376 4116 Nosti
2405 4063 2620 4132 aliquos
2644 4102 2657 4126 ,
2689 4065 2781 4132 qui
2812 4064 2864 4116 in
2894 4064 3035 4118 aulis
3062 4065 3377 4119 rationariis

1800 4151 2052 4220 spoliati,
2099 4162 2194 4204 aut
2235 4167 2302 4205 ex
2342 4151 2448 4205 alia
2488 4153 2714 4206 omnino
2752 4155 3062 4208 calamitate
3106 4154 3376 4224 compulsi

1800 4251 1960 4300 sunt,
2003 4250 2061 4295 ut
2106 4243 2159 4296 in
2194 4243 2318 4296 vita:
2356 4243 2514 4312 quasi
2554 4243 2784 4297 meridie
2818 4244 3372 4312 philosopharentur.

1800 4333 1905 4386 hoc
1951 4332 2069 4402 ipso
2115 4340 2369 4398 tantum,
2415 4331 2558 4401 quod
2605 4332 2887 4386 Platonico
2941 4349 3094 4386 more
3137 4333 3377 4400 jurando

1798 4423 1961 4487 deos,
2007 4431 2268 4494 negarent
2301 4423 2504 4492 aliquid
2543 4433 2636 4476 aut
2679 4431 3032 4488 asserercnt,
3078 4431 3137 4476 ut
3180 4423 3375 4476 umbra

1799 4517 1951 4586 prius
1997 4515 2131 4570 utile
2171 4523 2336 4583 atque
2381 4523 2751 4584 Opportunum
2799 4514 3002 4583 aliquid
3035 4513 3250 4568 dictura
3291 4514 3372 4567 vi-

1797 4605 2011 4659 deatur.
2048 4603 2179 4657 Mira
2203 4604 2560 4657 nihilominus
2584 4605 2862 4658 simulatio
2888 4613 2992 4658 est.
3016 4605 3149 4658 Nam
3181 4618 3373 4672 super-

111 4682 310 4759 ττούσιν
346 4701 488 4771 ὑπὲρ
518 4698 616 4762 τάς
643 4697 1007 4766 Ξενοκράτους
1032 4697 1264 4758 εἰκόνας.
1296 4696 1363 4748 Οἵ
1394 4713 1456 4764 γε
1484 4697 1576 4749 καὶ
1604 4715 1691 4748 νο-

1809 4697 2020 4758 cilium,
2071 4696 2255 4764 papae!
2298 4705 2637 4764 quantopere
2679 4696 2976 4750 sublatum.
3017 4693 3206 4748 Manus
3252 4695 3368 4763 ipsa

110 4795 364 4866 μοθετεῖν
404 4793 534 4862 ἡμῖν
571 4788 812 4853 ἀξιοῦσιν
867 4788 1001 4841 ἅττα
1051 4787 1203 4856 σφίσι
1249 4787 1689 4852 λυσιτελέστατα,

109 4886 321 4956 μηδένα
352 4882 515 4953 μηδὲν
549 4880 753 4948 ἀγαθὸν
793 4878 968 4932 εἰδότα
1000 4878 1231 4947 φανερὸν
1263 4874 1419 4930 εἶναι’
1454 4878 1692 4948 ἡγούμε-

104 4995 193 5029 νοι
224 4976 372 5044 σφῶν
395 4974 571 5027 αὐτῶν
594 4973 834 5042 ἔλεγχον,
857 4971 910 5024 εἴ
922 4988 1006 5034 τις
1031 4969 1316 5039 φιλόσοφος
1341 4967 1477 5023 εἷναι
1497 4971 1688 5038 δοκῶν,

104 5067 464 5136 ἐπιστήσεται
480 5062 828 5132 φθέγγεσθαι.
860 5061 1021 5114 Αὐτοὶ
1053 5059 1160 5131 γὰρ
1190 5060 1255 5114 ἂν
1285 5060 1390 5113 ὑπὸ
1421 5063 1486 5130 τῇ
1516 5078 1688 5130 προσ-

102 5159 332 5227 ποιήσει
377 5155 582 5218 λαθεῖν,
606 5155 699 5208 κα¹ι
733 5153 879 5219 δόξαι
904 5151 1154 5206 τᾶνδοθεν
1178 5147 1315 5207 εῖναι
1350 5152 1540 5221 σοφίας
1571 5155 1694 5208 ἀνά-

104 5250 284 5302 πλεω.
330 5249 528 5317 ’Ἄμφω
562 5263 629 5316 με
657 5245 829 5298 τούτω
859 5244 936 5297 τὼ
974 5244 1104 5313 γένη
1139 5244 1580 5315 διαϐεϐλήκατον,
1615 5247 1691 5310 ὼς

103 5345 206 5396 ἐπὶ
235 5344 346 5401 τοῖς
374 5338 582 5400 ούδενδς
617 5337 783 5402 ἀξίοις
812 5336 1178 5389 ἐσπουδακότα
1199 5351 1212 5365 ο
1261 5335 1321 5387 τὸ
1355 5336 1475 5405 μὲν,
1503 5336 1583 5388 ὅτι
1613 5337 1688 5407 μὴ

1797 4786 2023 4840 barbam
2070 4783 2332 4839 suﬂ'ulcit.
2368 4784 2428 4837 In
2484 4784 2699 4839 caeteris
2733 4782 3057 4838 Xenocratis
3105 4784 3372 4855 imagines

1795 4881 1982 4934 vultus
2021 4880 2290 4946 gravitate
2337 4889 2618 4947 superant.
2670 4878 2773 4942 Qui
2822 4876 3044 4946 quidem
3097 4877 3258 4931 etiam
3305 4892 3370 4932 ea

1798 4971 1956 5024 nobis
1987 4970 2107 5037 jura
2142 4969 2494 5037 praescribere
2526 4967 2898 5031 contendunt,
2929 4983 3051 5037 quae
3085 4968 3219 5038 ipsis
3257 4969 3370 5022 uti-

1798 5063 2006 5118 lissima
2029 5063 2170 5127 sint;
2206 5076 2273 5114 ne
2297 5060 2454 5129 quis.
2481 5060 2576 5128 qui
2605 5059 2733 5113 boni
2758 5059 2961 5128 aliquid
2993 5060 3161 5122 sciat,
3187 5060 3364 5129 palam

1799 5153 1933 5209 illud
1984 5153 2224 5216 habeat;
2281 5150 2364 5204 sui
2414 5150 2657 5218 ipsorum
2708 5148 3192 5217 reprehensionem
3241 5162 3366 5202 esse

1798 5243 1935 5304 rati,
1982 5239 2027 5294 si
2057 5240 2378 5308 quisquam,
2413 5236 2505 5305 qui
2538 5235 2896 5304 philosophus
2929 5249 3052 5290 esse
3083 5234 3359 5296 videatur,

1797 5330 2086 5403 eloquendi
2120 5329 2190 5383 sit
2219 5344 2326 5382 non
2349 5328 2591 5396 ignarus.
2631 5324 2878 5380 Ita'enim
2916 5326 3019 5380 sub
3051 5340 3110 5380 ea
3139 5325 3364 5379 simula—

1349 5468 1530 5524 DION.
1574 5471 1848 5528 PETAVII
1900 5468 2133 5526 NOTIE.

186 5607 300 5679 (9|)
334 5611 644 5679 Accusatus
675 5608 744 5662 ab
775 5608 1046 5679 imperitis
1063 5617 1117 5663 et
1145 5608 1341 5677 ineptis
1369 5609 1685 5668 hominibus

102 5675 296 5749 fuerat
347 5675 634 5748 Syuesius,
687 5675 952 5742 quod—in
1010 5675 1296 5732 tractanda
1343 5679 1686 5749 philosophia

102 5747 421 5818 m'ationem
457 5763 612 5801 suam
641 5753 930 5818 venustate
968 5750 1451 5818 sermonis,_atque
1468 5747 1687 5818 elegan-

102 5820 199 5870 tia:
231 5817 414 5886 lepore
451 5818 698 5873 condiret
737 5833 749 5869 :
786 5815 1048 5872 adversus
1078 5832 1215 5886 quos
1249 5815 1325 5871 De
1360 5815 1687 5883 Diouefseu

1790 5612 1867 5666 De
1889 5612 1991 5664 vim
2023 5625 2121 5662 sua
2168 5605 2488 5674 inscriptum
2539 5603 2749 5674 librum_
2786 5600 2954 5674 edidit
2992 5618 3004 5652 :
3057 5612 3357 5674 quemuna

1790 5697 1912 5736 cum
1940 5680 2130 5741 altero,
2166 5675 2238 5728 De
2285 5666 2584 5736 insomniis,
2627 5679 2682 5726 et
2711 5669 2785 5724 De
2807 5671 2942 5722 dono
2979 5666 3257 5720 astrolabii
3291 5667 3357 5719 ad

1793 5750 2078 5822 Hypatiam
2112 5746 2298 5800 tnittit.
