3838 6236
448 343 474 399 Ι
485 341 592 398 555

1491 334 1762 391 SYNESII
1803 330 2274 391 PTOLEMMDIS
2313 328 2620 388 EPISCOPI

3631 287 3795 442 55563

440 457 589 510 tione
628 450 954 508 delitescere
996 464 1056 506 se
1108 456 1299 519 putant
1337 465 1537 521 posse,
1580 459 1640 506 ut
1691 453 1840 507 intus
1878 449 2018 518 pleni

2135 447 2296 502 ταῦτὰ
2321 448 2565 519 φλυαρῶ-
2590 447 2652 501 τὸ
2681 446 2739 501 δὲ
2761 488 2776 512 ,
2802 446 2883 500 ὅτι
2911 445 2988 517 μή
3015 446 3192 516 στόμα
3220 442 3601 546 συγκλείσας
3618 440 3742 508 ἔχω,

439 556 563 602 esse
583 538 865 610 sapientia!
878 537 1188 592 credantur.
1212 537 1388 592 Ambo
1409 553 1496 594 me
1518 539 1801 594 hominum
1825 555 2025 611 genera

440 631 879 692 calumniantur,
915 629 1074 698 quasi
1111 629 1384 683 inutilium
1412 645 1598 686 rerum
1627 630 1829 688 studiis
1859 646 2026 687 occu-

441 725 628 786 patum
660 733 675 770 :
716 712 849 769 illud
885 715 1140 786 quidem,
1185 716 1331 786 quod
1373 731 1480 772 non
1514 719 1705 773 eadem
1745 719 2025 786 ell'utiam;

440 806 545 862 hoc
565 813 772 870 autem,
793 805 943 874 quod
971 820 1068 862 ore
1103 807 1293 862 clauso
1321 822 1432 864 non
1461 809 1600 874 sim,
1629 826 1807 881 neque
1831 812 2026 866 bovem

440 897 594 952 illum
617 896 816 967 lingua:
836 897 1213 967 imposuerim.
1243 898 1526 956 Adversus
1549 900 1689 958 istos
1719 916 1860 973 Opus
1894 901 2026 957 illud

439 987 826 1044 elucubratum
869 994 988 1056 est,
1021 999 1076 1045 et
1103 989 1322 1044 illorum
1366 991 1590 1062 quidem
1633 993 1790 1058 voci,
1833 994 2026 1048 borum

440 1094 572 1135 vero
627 1079 850 1136 silentio
895 1081 1154 1150 opposuit
1210 1097 1356 1139 sese.
1406 1081 1544 1138 Nam
1603 1085 1709 1140 etsi
1757 1085 2029 1157 precipue

440 1179 636 1226 contra
674 1181 855 1230 mutos
896 1173 1020 1230 illos
1060 1182 1116 1230 et
1156 1174 1372 1231 invidos
1404 1177 1787 1250 progrediatur
1828 1180 2030 1249 (atque

439 1263 548 1318 hoc
568 1262 747 1334 ipsum
775 1279 938 1334 quam
961 1273 1088 1335 apta
1113 1275 1276 1338 putas
1306 1280 1371 1322 ac
1397 1279 1627 1325 venusta
1659 1269 2025 1341 figuratione).

441 1353 806 1412 nihilominus
846 1364 901 1411 et
935 1356 1069 1413 illud
1101 1359 1349 1425 invenit,
1388 1359 1853 1431 quemadmodum
1890 1363 2029 1418 alios

443 1460 553 1500 una
587 1460 806 1517 quoque
837 1448 1118 1514 traheret,
1151 1465 1254 1506 nec
1279 1451 1610 1508 eruditionis
1652 1453 1836 1507 minus
1859 1455 2031 1524 speci-

442 1552 568 1592 men
606 1553 772 1609 quam
802 1541 1136 1610 praeconium
1181 1557 1308 1599 esse
1331 1545 1633 1600 contendit.
1667 1543 1855 1616 Neque
1881 1547 2026 1601 enim

443 1628 718 1698 obiectum
740 1632 950 1689 crimen
975 1631 1184 1703 ejuravi
1203 1674 1218 1699 ,
1249 1634 1344 1690 sed
1366 1675 1382 1701 ,
1414 1650 1525 1706 quo
1551 1635 1792 1707 amplius
1819 1638 2030 1694 morde-

444 1730 657 1787 rentur,
681 1723 940 1794 pleraque
963 1725 1334 1792 ambitiosius,
1368 1741 1677 1799 magnoque
1697 1744 1822 1785 cum
1844 1729 2028 1786 studio

432 1814 700 1870 .tractavl.
751 1813 1053 1884 Progressu
1110 1817 1330 1874 tandem
1377 1819 1499 1890 ipso
1555 1818 1611 1874 in
1670 1821 1796 1875 vita:
1847 1828 2028 1877 status

445 1907 776 1978 inquirens,
830 1909 1232 1981 philosophiam
1287 1913 1693 1977 commendat,
1765 1923 2026 1986 tanquam

444 2008 689 2058 statuum
725 2003 1002 2069 omnium,
1040 2005 1532 2078 conditionumque
1568 2009 1693 2064 vita:
1744 2009 2030 2080 sapientis-

445 2092 677 2160 simam,
714 2110 881 2166 quam
918 2096 1233 2167 cuiusmodi
1268 2113 1392 2155 esse
1429 2107 1684 2170 Oportere
1722 2101 2027 2170 putandum

444 2185 518 2240 sit
534 2225 551 2248 ,
573 2200 640 2242 ex
661 2199 828 2257 Opere
851 2187 974 2258 ipso
997 2187 1176 2246 disce.
1201 2187 1428 2245 Demum
1453 2190 1787 2246 scriniorum
1820 2201 2030 2248 nostro-

442 2290 567 2334 rum
601 2278 982 2347 purgationem
1013 2278 1256 2334 continet
1286 2318 1302 2344 ,
1333 2279 1537 2350 quibus
1569 2289 1623 2336 et
1656 2279 1793 2350 ipsis
1829 2281 2030 2336 nonni-

442 2367 523 2425 hil
550 2376 671 2424 erat
697 2369 1102 2427 criminationis
1123 2386 1432 2442 aspersum,
1467 2371 1615 2441 quod
1648 2371 2030 2428 inemendatos

443 2459 616 2515 libros
639 2459 926 2516 haberent.
955 2459 1091 2516 Nam
1122 2476 1190 2517 ne
1219 2461 1380 2532 292
1403 2461 1472 2515 ab
1496 2461 1564 2518 iis
1585 2462 1806 2531 quidem
1832 2461 2029 2518 furiosi

444 2563 512 2605 ac
563 2548 715 2605 lividi
776 2549 1028 2607 homines
1088 2551 1496 2607 abstinuerunt.
1535 2549 1656 2606 Jam
1715 2552 1762 2608 si
1814 2553 2028 2624 singula

443 2654 691 2718 congruo
729 2640 926 2698 ordine
961 2643 1204 2712 digesta,
1257 2652 1312 2698 et
1345 2644 1529 2697 omnia
1579 2660 1704 2698 cum
1745 2645 1926 2713 specie
1963 2659 2030 2700 ac

448 2731 648 2791 decore
674 2732 910 2803 quodam
934 2733 1202 2803 explicata
1229 2773 1244 2798 ,
1274 2742 1438 2804 atque
1485 2743 1796 2804 opportune
1837 2735 1904 2790 ad
1933 2751 2029 2793 eas

443 2836 568 2893 qua:
609 2823 809 2893 ubique
849 2833 1218 2889 promuntur,
1262 2823 1668 2895 disputationes
1721 2828 2026 2892 transitus;

443 2913 493 2968 si
525 2928 652 2968 cum
697 2912 953 2982 pluribus
987 2915 1261 2984 capitibus
1307 2913 1716 2986 distinguatur,
1760 2917 1825 2970 ad
1856 2917 2026 2972 divini

443 3005 629 3074 operis
663 3004 1024 3059 imitationem
1049 3048 1064 3072 ,
1107 3004 1319 3061 Pluedri
1355 3006 1587 3070 scilicet,
1616 3022 1778 3076 quem
1808 3009 1876 3064 de
1911 3023 2028 3061 om-

2131 540 2224 593 καὶ
2255 539 2345 592 τὸν
2387 538 2513 608 βοῦν
2550 539 2641 592 τὸν
2681 539 2888 591 ἐκεῖνον
2917 537 3009 591 ἐπὶ
3047 537 3147 608 τῆς
3182 535 3452 605 γλώττης
3507 530 3743 601 τίθεμαι.

2141 629 2264 682 Ἐπὶ
2289 628 2498 692 τούτοις
2527 627 2780 699 συνετέθη
2808 627 2870 681 τὸ
2903 627 3242 698 σύγγραμμα
3261 667 3276 690 ,
3310 628 3418 679 καὶ
3454 624 3746 692 ἀπήντησε
3796 654 3797 680 ι

2126 719 2237 774 τῶν
2270 719 2370 790 μὲν
2397 721 2464 790 τῇ
2493 722 2664 791 φωνῇ,
2693 719 2800 773 τῶν
2824 719 2880 772 δὲ
2909 721 2977 790 τῇ
3003 721 3148 789 σιγῇ.
3177 719 3489 790 Προῆκται
3520 714 3635 786 μὲν
3657 715 3745 780 γὰρ
3796 717 3797 740 ‘

2127 812 2204 873 ὡς
2248 811 2342 864 ἐπὶ
2369 810 2592 875 τούτους
2635 811 2832 873 αὐτοὺς
2858 810 2986 873 τοὺς
3012 809 3260 880 ἀφώνους
3285 826 3348 862 τε
3396 809 3516 861 καὶ
3554 806 3747 876 βασκά·

2128 918 2274 967 νους,
2302 901 2442 969 (πῶς
2466 901 2570 957 οἴει
2616 901 2733 972 μετ’
2778 899 3090 972 εὐπρεποῦς
3119 900 3214 954 τοῦ
3261 898 3652 971 σχήματος.)
3697 896 3746 947 οὗ

2130 995 2240 1066 μὴν
2262 993 2379 1051 ἀλλ’
2408 993 2652 1066 ἐξεῦρεν,
2699 994 2774 1058 ὼς
2807 994 2873 1048 ἂν
2899 993 3185 1057 κάκείνους
3232 989 3747 1062 συνεφελκύσαιτο.

2129 1085 2241 1140 Καὶ
2269 1084 2515 1156 βούλεται
2545 1088 2643 1156 μὲν
2690 1084 3060 1155 πολυμαθείας
3089 1085 3186 1155 οὔχ
3232 1078 3408 1154 ἦττον
3435 1081 3747 1146 ἐπίδειξις.

2129 1178 2164 1250 ἢ
2194 1177 2469 1249 ἐγκώμιον
2504 1173 2645 1230 εἶναι
2665 1219 2679 1242 ,
2726 1176 2789 1229 ού
2820 1177 2931 1248 γάρ
2963 1176 3330 1246 ἐξωμοσάμην
3363 1175 3484 1237 τὰς
3526 1172 3748 1232 αίτίας·

2129 1269 2244 1323 ἀλλ’
2279 1268 2344 1323 ἶν’
2371 1267 2452 1321 ἔτι
2487 1268 2689 1338 μᾶλλον
2723 1268 2952 1338 ἀνιῷντο
2977 1309 2992 1332 ,
3030 1267 3199 1337 συχνὰ
3228 1267 3323 1320 καὶ
3353 1265 3749 1335 πεφιλοτίμη-

2133 1377 2252 1432 μαι.
2294 1359 2489 1430 Προῖὸν
2518 1359 2574 1412 δὲ
2604 1359 2736 1430 βίων
2773 1359 3012 1429 αἱρέσεις
3042 1357 3338 1424 ἐξετάζειν,
3382 1358 3631 1410 ἐπαινεί
3655 1354 3748 1422 τὴν

2131 1449 2468 1519 φιλοσοφίαν,
2507 1451 2582 1513 ὡς
2623 1450 3066 1519 φιλοσοφωτάτην
3104 1449 3397 1520 αἱρέσεων,
3454 1449 3536 1518 ἦν
3584 1446 3747 1498 ποίαν

2129 1541 2254 1596 τινα
2278 1541 2520 1612 νομίζειν
2546 1536 2686 1595 εἶναι
2713 1540 2841 1612 χρὴ,
2866 1539 2963 1594 τοῦ
2994 1540 3196 1610 βιϐλίου
3217 1538 3532 1593 πυνθάνου.
3556 1537 3749 1590 Τελεσ-

2129 1633 2239 1686 τῶν
2267 1631 2347 1694 δὲ,
2377 1633 2474 1686 καὶ
2505 1631 2647 1703 ὑπὲρ
2675 1632 2782 1686 τῶν
2811 1631 3082 1684 κιϐωτίων
3112 1629 3559 1699 ἀπολελόγηται,
3590 1629 3747 1698 σχόν-

2130 1741 2238 1778 των
2267 1723 2390 1778 τινά
2411 1724 2504 1777 καὶ
2528 1723 2731 1780 τούτων
2759 1723 2962 1787 αίτίαν,
3007 1721 3308 1793 ἀδιόρθωτα
3338 1721 3630 1794 κρύπτειν
3661 1721 3746 1790 βι-

2129 1814 2272 1870 ϐλία.
2299 1814 2375 1868 Οὐ
2395 1813 2504 1885 γὰρ
2517 1813 2640 1868 οὐδὲ
2662 1812 2769 1868 τῶν
2786 1811 3040 1866 τοιούτων
3059 1811 3109 1864 oi
3134 1810 3375 1881 τελχῖνες
3391 1810 3739 1879 ἀπέσχοντο.

2130 1907 2193 1962 Et
2218 1907 2276 1960 δὲ
2299 1906 2530 1961 ἕκαστον
2550 1907 2607 1960 ὲν
2631 1904 2781 1971 τάξει
2801 1905 2869 1975 τῇ
2895 1901 3268 1976 προσηκούσῃ,
3290 1901 3392 1956 καὶ
3417 1903 3612 1957 πάντα
3639 1902 3737 1952 σὺν

2129 1997 2269 2070 ῶρᾳ,
2304 1997 2396 2051 καὶ
2427 1995 2676 2066 ἀφορμαὶ
2706 1995 2914 2048 δίκαιαι
2947 1992 3058 2047 τῶν
3087 1991 3401 2062 ἑκασταχοῦ
3438 2007 3736 2062 προκεχει-

2134 2088 2425 2158 ρισμένωνο
2467 2087 2563 2140 καὶ
2591 2086 2642 2138 εί
2682 2083 2963 2156 μερίζεται
3012 2082 3110 2154 μὲν
3143 2081 3357 2135 πλείοσι
3405 2081 3733 2150 κεφαλαίοις

2130 2177 2272 2234 κατά
2312 2178 2374 2232 τὸ
2422 2176 2708 2231 θεσπέσιον
2745 2175 2978 2247 γράμμα
3002 2215 3017 2238 ,
3051 2174 3142 2227 τὸν
3193 2175 3452 2254 Φαῖδρον,
3493 2175 3560 2228 δν
3608 2173 3736 2244 περὶ

2131 2271 2350 2325 πάντων
2379 2267 2516 2340 όμοῦ
2540 2267 2648 2320 τῶν
2669 2267 2826 2321 είδῶν
2852 2265 2946 2318 τοῦ
2979 2264 3145 2319 καλοῦ
3172 2265 3405 2320 Πλάτων
3432 2265 3729 2337 ἐξήνεγκε·

2134 2359 2518 2430 μεμηχάνηται
2541 2359 2598 2411 δὲ
2624 2357 2836 2412 ἅπαντα
2860 2357 3104 2410 συνεύειν
3131 2357 3212 2420 είς
3233 2354 3294 2408 ἓν
3330 2355 3396 2408 τὸ
3427 2355 3738 2425 προκείμε-

2131 2466 2242 2505 νον·
2265 2451 2358 2503 καὶ
2383 2450 2436 2503 εί
2461 2465 2563 2502 που
2584 2447 2778 2518 γέγονε
2803 2447 2986 2511 πίστις
3007 2446 3328 2518 ύφὲρπουσα
3357 2445 3425 2498 τὸ
3452 2445 3738 2498 ύπτιάσαν

2129 2540 2394 2612 διήγημα·
2416 2539 2510 2593 καὶ
2538 2539 2586 2592 εί
2617 2537 2903 2610 προῆλθεν,
2932 2536 3007 2600 ὡς
3036 2537 3094 2589 ὲν
3122 2535 3415 2599 τοιούτοις,
3451 2535 3741 2599 ἀπόδειξις

2132 2635 2198 2688 ὲκ
2229 2633 2330 2702 τῆς
2368 2633 2624 2696 πίστεωςο
2659 2631 2754 2686 καὶ
2777 2631 2827 2684 εί
2855 2629 2915 2684 τὸ
2946 2629 3013 2683 δι’
3042 2629 3172 2684 ἄλλο
3196 2630 3524 2698 γενόμενςνο
3560 2628 3740 2682 ταῦτα

2135 2723 2234 2795 μὲν
2262 2722 2457 2794 τέχνης
2487 2722 2551 2776 ἂν
2582 2723 2666 2792 εῐη
2699 2721 2846 2793 δῶρα
2872 2721 2967 2774 καὶ
3007 2718 3243 2790 φύσεως.
3288 2721 3491 2782 Ὅστις
3537 2719 3600 2772 δὲ
3640 2719 3744 2771 οῦκ

2131 2811 2480 2882 ἀγύμναστος
2510 2811 2858 2882 ὲπιφωράσαι
2899 2827 2951 2863 τι
2979 2811 3073 2862 καὶ
3109 2809 3410 2880 πρόσωπον
3451 2809 3607 2862 θεῖον
3639 2808 3745 2861 ὑπὸ

2133 2900 2451 2971 φαυλοτέρῳ
2496 2901 2870 2970 κρυπτόμενον
2931 2899 3170 2968 σχήματι
3197 2912 3211 2926 '
3257 2897 3460 2968 ὥσπερ
3518 2897 3744 2950 ἐποίουν

2146 2990 2438 3061 Ἀθήνῃσιν
2473 2991 2522 3042 οἱ
2565 2988 2905 3061 δημιουργοὶ,
2963 2986 3286 3057 Ἀφροδίτην
3335 2987 3440 3039 καὶ¹
3483 2989 3746 3056 Χάριτας

443 3094 608 3153 nibus
656 3095 824 3150 simul
875 3095 1168 3164 generibus
1212 3095 1426 3173 pulchri
1473 3095 1646 3151 edidit
1703 3095 1904 3164 Plato;
1959 3097 2025 3153 ad

2135 3081 2230 3134 καὶ
2250 3079 2474 3133 τοιαῦτα
2503 3078 2670 3150 κάλλη
2711 3078 2846 3132 θεῶν
2880 3077 3158 3147 ἀγάλμασι
3193 3077 3478 3148 Σειληνῶν
3521 3079 3625 3132 καὶ
3649 3079 3745 3132 Σα-

444 3201 616 3242 unum
660 3193 842 3239 tamen
889 3185 1074 3240 omnia
1128 3186 1469 3256 propositum
1505 3200 1845 3256 scopuzuque
1881 3186 2027 3241 colli-

444 3284 647 3342 neant;
700 3275 878 3331 sicubi
913 3276 1110 3344 supina
1169 3291 1233 3330 ac
1278 3276 1473 3344 jacens
1524 3276 1773 3331 narratio
1831 3275 2029 3331 idonea

444 3369 766 3442 probatione
799 3367 1021 3424 suﬂulta
1054 3377 1168 3435 est;
1194 3376 1250 3424 et
1279 3383 1347 3424 ex
1374 3367 1720 3438 probatione,
1753 3375 2028 3437 quatenus

444 3462 502 3522 in
551 3460 820 3530 ejusmodi
859 3474 982 3516 esse
1020 3468 1199 3530 potest
1231 3499 1244 3522 ,
1286 3466 1408 3514 orta
1458 3458 1860 3516 demonstratio
1906 3468 2029 3524 est,

443 3562 500 3609 et
541 3551 597 3606 id
635 3551 780 3622 quod
822 3565 991 3607 causa
1038 3551 1269 3607 alterius
1312 3549 1650 3607 assumitur:
1699 3549 1815 3604 hate
1843 3551 2027 3604 omnia

445 3656 648 3698 munus
685 3641 821 3696 artis
867 3648 923 3696 et
972 3650 1182 3696 natura:
1231 3641 1456 3696 fuerint.
1513 3638 1620 3694 Sed
1663 3639 1918 3714 quisquis
1960 3639 2027 3694 at!

444 3731 690 3786 divinam
730 3731 970 3801 aliquam
1021 3729 1215 3786 faciem
1243 3771 1258 3794 ,
1301 3745 1422 3800 qua:
1465 3730 1570 3785 sub
1616 3730 1795 3785 viliori
1854 3729 2028 3787 forma

445 3821 648 3885 lateat,
682 3820 1110 3892 dignosccndam
1143 3821 1366 3875 minime
1407 3819 1560 3874 rudis
1605 3829 1690 3875 est
1727 3827 1784 3875 et
1813 3820 2030 3874 inexer-

339 3911 365 3988 ll
445 3911 672 3975 citatus,
690 3908 1147 3979 quemadmodum
1165 3909 1394 3963 Athenis
1411 3907 1651 3969 artifices
1675 3907 2027 3970 factitabant,

446 4004 542 4076 qui
590 4002 856 4059 Venerem
881 4040 896 4066 ,
934 4008 1030 4055 aut
1066 3999 1284 4055 Gratias
1309 4040 1324 4064 ,
1369 4009 1706 4068 cmterasque
1760 3999 1813 4054 id
1855 4014 2028 4068 genus

447 4096 737 4150 numinum
759 4092 1217 4162 pulchritudines.
1255 4089 1566 4146 Silenorum
1596 4105 1662 4145 ac
1704 4090 2024 4161 Satyrorum

341 4202 345 4206 ·
448 4183 762 4243 simulacris
798 4182 1152 4238 vestiebant:
1207 4181 1367 4236 facile
1410 4181 1458 4236 is
1503 4179 1879 4257 deprehendet
1933 4181 2028 4236 illo

448 4273 506 4336 in
544 4287 708 4344 apere
760 4272 1046 4326 innumera
1083 4269 1339 4340 dogmata
1371 4285 1439 4325 ex
1479 4269 1655 4325 sacris
1702 4268 2028 4342 arcanisque

449 4361 742 4428 declarari,
778 4376 923 4432 quae,
967 4358 1114 4430 quod
1145 4373 1612 4432 supervacuorum
1647 4366 1814 4429 atque
1849 4358 2021 4413 inuti-

2130 3172 2310 3242 τύρων
2337 3171 2725 3241 ἀμπίσχοντες’
2763 3167 2950 3222 τοῦτον
2978 3168 3037 3220 οῦ
3077 3168 3307 3239 λήσεται
3347 3169 3414 3221 τὸ
3448 3171 3702 3239 γράμμα
3726 3210 3740 3228 ,

2132 3261 2304 3333 συχνά
2355 3262 2450 3315 καὶ
2494 3262 2604 3315 τῶν
2664 3260 2946 3331 ἀϐεϐήλων
2991 3260 3355 3328 ἀποκαλύψαν
3415 3260 3742 3331 δογμάτων.

2142 3353 2278 3407 Ὑπὸ
2308 3355 2376 3423 τῇ
2407 3352 2765 3422 προσποιήσει
2793 3350 2885 3406 τοῦ
2916 3350 3207 3422 παρέλκειν
3251 3351 3342 3403 ἑτέ
3354 3368 3492 3422 ρους
3539 3351 3744 3406 λανθά-

2129 3463 2311 3511 νοντα,
2339 3447 2432 3499 καὶ
2460 3444 2539 3515 τῷ
2585 3444 2704 3499 λίαν
2733 3446 2886 3515 είκῆ,
2927 3444 3018 3496 καὶ
3047 3443 3122 3506 ὡς
3155 3442 3223 3496 ἂν
3268 3443 3486 3510 δόξειεν
3517 3446 3745 3516 ἀφελῶς

2129 3533 2577 3605 ὲγκατεσπάρθαι
2623 3532 2700 3604 τῷ
2731 3533 2892 3603 λόγῳ.
2921 3533 3040 3586 Τῶν
3075 3533 3172 3606 μὲν
3199 3532 3313 3603 γὰρ
3343 3534 3412 3586 ὲκ
3441 3534 3557 3604 τῆς
3595 3537 3746 3606 σελη-

2129 3627 2322 3696 νιακῆς
2351 3627 2531 3688 αἰτίας
2570 3623 2888 3694 ἀποψύξεων
2913 3625 2962 3677 οἱ
2997 3623 3282 3688 νοσοῦντες
3313 3624 3640 3697 ἐπιληψίαν
3663 3630 3744 3682 al-

2131 3716 2415 3770 σθάνονται
2459 3714 2640 3784 μόνον’
2687 3713 2794 3766 τῶν
2821 3713 2877 3766 δὲ
2920 3711 3059 3765 κατά
3086 3711 3212 3764 νοῦν
3239 3712 3529 3766 ἐπιϐολῶν
3581 3716 3744 3784 μόνον

2127 3806 2370 3878 δέχονται
2387 3806 2484 3868 τὰς
2510 3803 2826 3874 ἐκλάμψεις,
2847 3798 2928 3866 οἷς
2944 3801 3244 3870 ὑγιαίνουσι
3267 3803 3331 3855 τὸ
3353 3805 3559 3875 νοερὸν
3585 3807 3740 3877 ὄμμα

2129 3899 2246 3968 φῶς
2274 3897 2502 3952 ἀνάπτει
2533 3895 2791 3964 συγγενὲς
2823 3896 2851 3947 ὁ
2881 3893 3030 3958 Θεὸς,
3073 3893 3103 3946 δ
3141 3897 3256 3956 τοῖς
3285 3911 3349 3947 τε
3385 3901 3620 3966 νοεροῖς
3647 3899 3737 3953 τοῦ

2128 3989 2289 4053 νοεῖν,
2321 3987 2416 4040 καὶ
2454 3987 2567 4047 τοῖς
2598 3985 2808 4054 νοητοῖς
2842 3983 3010 4036 αἴτιον
3037 3981 3131 4034 τοῦ
3166 3983 3438 4038 νοεῖσθαιο
3477 3989 3737 4059 καθάπερ

2126 4077 2189 4134 τὸ
2217 4076 2344 4148 τῇδε
2372 4076 2487 4148 φῶς
2510 4074 2634 4143 ὄψιν
2665 4071 3017 4141 συνάπτειτῷ
3044 4070 3322 4142 χρώματι,
3359 4073 3472 4128 κᾶν
3501 4078 3733 4151 ἀφέλῃς,

2129 4165 2416 4236 παρόντος,
2453 4165 2488 4238 ή
2528 4162 2663 4234 πρὸς
2691 4161 2822 4215 αὐτὸ
2852 4159 3080 4230 δύναμις
3111 4161 3512 4234 ἀνενέργητος.
3562 4169 3735 4238 Ὑπὲρ

2125 4257 2192 4327 δὴ
2213 4255 2419 4310 τούτων
2442 4254 2696 4309 ἁπάντων
2724 4269 2782 4306 σε
2815 4251 3102 4324 κρίνουσαν
3137 4254 3591 4325 περιμενοῦμεν.
3621 4258 3735 4312 Κάν

2132 4347 2231 4418 μὲν
2260 4344 2473 4417 ψηφίσῃ
2503 4341 2847 4416 προσοιστέον
2871 4337 3030 4404 εἶναι,
3066 4343 3326 4413 ῥήτορσιν
3354 4345 3481 4415 ἃμα
3513 4349 3616 4401 καὶ
3646 4366 3732 4417 φι-

449 4453 584 4510 lium
631 4437 874 4532 speciem
923 4431 1225 4514 habeant,
1258 4448 1517 4518 quodque
1557 4458 1792 4514 temere,
1844 4457 1932 4516 et,
1977 4456 2028 4505 ul

2143 4436 2391 4506 λοσόφοις
2423 4434 2760 4492 ὲκκείσεταν
2793 4433 2917 4496 τοὺς
2971 4432 3070 4503 μὲν
3116 4431 3224 4503 γάρ
3265 4434 3436 4503 ήσει,
3494 4439 3632 4502 τοὺς
3679 4439 3732 4492 δὲ

449 4543 687 4609 videtur,
723 4539 1050 4611 simpliciter
1083 4539 1318 4594 orationi
1345 4538 1597 4609 inspersa
1621 4538 1764 4602 sint,
1800 4547 2030 4594 caeteros

451 4633 712 4694 facillime
739 4633 965 4694 lateant.
1010 4629 1479 4697 Quemadmodum
1513 4629 1659 4684 enim
1694 4644 1816 4698 qua:
1845 4643 1875 4682 a
1901 4629 2031 4684 luna

451 4724 707 4784 oriuntur
747 4721 1190 4792 refrigerationes
1231 4719 1395 4775 abiis
1428 4719 1696 4774 duntaxat
1734 4719 1827 4788 qui
1867 4720 2034 4776 comi-

451 4814 571 4869 tiali
617 4814 814 4869 morbo
863 4813 1155 4879 laborant,
1198 4811 1562 4866 sentiuntur:
1616 4809 1698 4865 sic
1747 4810 2029 4864 notionum

454 4903 655 4960 mentis
693 4902 1088 4959 illustrationes
1116 4901 1221 4956 soli
1249 4900 1327 4954 illi
1356 4899 1581 4971 capiunt
1604 4899 1807 4969 quibus
1835 4913 2030 4954 sanum

455 4993 658 5048 mentis
685 4993 902 5048 oculum
932 5007 997 5046 ac
1023 4989 1346 5046 defaecatum
1375 4990 1706 5044 habentibus
1733 4999 2029 5058 cognatum

456 5082 603 5138 Deus
629 5084 808 5137 lumen
836 5083 1088 5138 accendit
1113 5097 1128 5134 :
1155 5096 1278 5152 quae
1295 5089 1350 5136 et
1376 5081 1737 5150 intelligentia
1765 5079 2028 5150 praeditis,

457 5171 828 5241 intelligendi,
871 5179 926 5227 et
962 5172 1031 5226 iis
1059 5189 1183 5250 quae
1208 5171 1626 5242 intelliguntur,
1659 5186 1825 5226 causa
1859 5180 1944 5227 est
1973 5178 2033 5225 ut

461 5257 856 5326 intelligantur.
879 5256 1041 5318 Velut
1064 5269 1312 5324 nostrum
1333 5259 1465 5314 illud
1491 5259 1825 5330 aspectabile
1847 5261 2032 5318 lumen

461 5345 684 5400 oculum
725 5361 850 5399 cum
886 5348 1070 5402 colore
1109 5350 1429 5420 coniungit;
1475 5364 1586 5420 quo
1628 5360 1927 5420 praesente,
1983 5352 2031 5407 si

464 5437 648 5494 iumen
679 5436 969 5490 sustuleris
994 5475 1011 5501 ,
1049 5442 1226 5497 otiosa
1272 5443 1425 5498 illius
1458 5443 1673 5498 videndi
1715 5443 1945 5502 facultas
1979 5453 2034 5500 et

468 5525 586 5579 sine
613 5525 826 5581 actione
850 5535 1050 5582 manet.
1081 5529 1152 5584 De
1183 5531 1250 5586 iis
1278 5535 1533 5590 omnibus
1563 5544 1712 5588 tuum
1743 5536 2030 5590 arbitrium

469 5614 928 5682 exspectabimus.
949 5615 1027 5674 Ac
1081 5619 1128 5672 si
1184 5623 1404 5692 quidem
1460 5626 1846 5693 proferendum
1895 5642 2033 5696 opus

473 5703 618 5766 istud
651 5718 773 5763 esse
800 5703 1110 5764 decreveris
1131 5751 1144 5778 ,
1179 5713 1493 5775 oratoribus
1519 5715 1672 5786 juxta
1707 5725 1759 5772 et
1793 5716 2034 5790 philoso-

2132 4529 2333 4598 ὀνήσει’
2360 4527 2573 4590 πάντως
2605 4541 2668 4593 γε
2695 4563 2709 4589 ,
2745 4525 2793 4577 εί
2836 4523 2911 4595 μὴ
2945 4522 3094 4596 παρά
3123 4522 3217 4576 σοῦ
3263 4524 3366 4594 τῆς
3409 4526 3730 4600 δυναμένης

2133 4619 2338 4692 κρίνειν
2386 4615 2834 4691 διαγεγράψεται.
2869 4616 2932 4668 Et
2977 4615 3034 4671 δὲ
3070 4614 3145 4685 μή
3189 4618 3453 4684 φανεῖταί
3499 4637 3588 4674 σοι
3630 4621 3730 4690 τῆς

2131 4711 2240 4765 τῶν
2275 4711 2547 4781 Ἑλλήνων
2588 4709 2760 4780 ἀκοῆς
2807 4707 2978 4774 ἀξιον,
3027 4706 3123 4760 καὶ
3158 4708 3222 4761 σὺ
3265 4707 3324 4761 δὲ
3371 4709 3557 4778 δήπου
3608 4715 3729 4782 μετ’

2145 4800 2546 4875 Ἀριστοτέλους
2589 4798 2696 4868 πρὸ
2744 4795 2838 4850 τοῦ
2881 4795 3034 4867 φίλου
3085 4796 3184 4866 τήν
3225 4797 3498 4868 ἀλήθειαν
3544 4800 3728 4874 θήσῃ,

2132 4891 2334 4945 πυκνὸν
2362 4891 2456 4944 καὶ⁸
2499 4888 2635 4959 βαθὺ
2672 4889 2859 4952 σκότος
2903 4886 3304 4962 ὲηλυγάσεται
3323 4928 3341 4956 ,
3366 4889 3466 4942 καὶ
3498 4891 3731 4962 λήσεται

2130 4984 2258 5044 τοὺς
2293 4979 2614 5052 ἀνθρώπους
2639 4980 2949 5049 λεγόμενον.
2980 4977 3166 5033 Ταῦτα
3196 4979 3296 5049 μὲν
3334 4981 3472 5051 περὶ
3502 4983 3724 5036 τούτου.

2131 5073 2368 5144 Θάτερον
2412 5072 2469 5124 δὲ
2498 5074 2528 5125 ὁ
2562 5071 2695 5135 Θεὸς
2721 5071 2816 5124 καὶ
2862 5069 3093 5141 ἐπέταξε
3127 5070 3221 5126 καὶ
3260 5070 3557 5143 ἀνέκρινεν
3605 5073 3720 5147 [71).

2132 5162 2362 5236 ὲνέκρ.],
2396 5163 2425 5216 ό
2455 5163 2522 5234 τῇ
2557 5162 2896 5234 φανταστικῇ
2945 5160 3105 5230 φύσει
3138 5163 3504 5235 χαριστήριον
3530 5165 3722 5220 ἀνατέο
3805 5210 3813 5218 .

2133 5255 2326 5309 θειται.
2378 5255 2678 5314 Ἔσκεπται
2718 5253 2774 5307 δὲ
2810 5254 2869 5306 ὲν
2919 5251 3068 5326 αύτῷ
3105 5253 3236 5325 περὶ
3280 5255 3382 5324 τῆς
3428 5255 3720 5326 είδωλικῆς

2134 5345 2352 5415 ἀπάσης
2383 5343 2596 5414 ψυχῆς,
2641 5343 2732 5398 καὶ
2774 5343 2935 5414 ἕτερα
2979 5342 3116 5398 ἀττα
3153 5343 3608 5414 προκεχείρισται
3634 5347 3722 5400 δό-

2133 5455 2318 5508 γματα
2365 5437 2475 5491 τῶν
2505 5434 2659 5490 οὔπω
2695 5435 3188 5520 φιλοσοφηθέντων.
3211 5435 3461 5506 Ἕλλησι.
3503 5437 3619 5490 Καὶ
3669 5437 3725 5490 τί

2134 5532 2200 5584 ἄν
2225 5547 2305 5592 τις
2338 5530 2679 5599 ἀπομηκύνοι
2704 5528 2830 5600 περὶ
2861 5527 3026 5581 αὐτοῦ
3049 5546 3064 5594 ;
3089 5526 3204 5580 ἀλλ’
3232 5527 3588 5598 ἐξείργασται
3621 5530 3725 5599 μὲν

2135 5623 2227 5675 ἐπὶ
2268 5623 2395 5690 μιᾶς
2428 5621 2574 5675 ἅπαν
2610 5620 2800 5684 νυκτὸς
2826 5660 2842 5683 ,
2877 5617 3078 5689 μᾶλλον
3111 5617 3170 5672 δὲ
3211 5617 3468 5688 λειψάνου
3501 5620 3721 5684 νυκτὸς,

2139 5714 2169 5783 ἢ
2200 5713 2291 5765 καὶ
2319 5712 2415 5782 τὴν
2444 5712 2564 5781 ὄψιν
2590 5712 2782 5783 ἤνεγκε
2812 5711 2908 5784 τήν
2941 5713 3066 5781 περὶ
3093 5708 3186 5763 τοῦ
3216 5710 3327 5764 δεῖν
3359 5710 3493 5769 αὐτὸ
3526 5727 3719 5780 συγγε-
