3838 6236
122 324 146 378 1
159 323 269 377 557

1258 322 1640 384 EPISTOLAS.
1701 357 1773 369 —
1824 327 2046 384 EPIST.
2108 328 2263 384 CLV.

3255 331 3276 383 l
3288 327 3391 386 558

118 435 395 508 γράφθαι.
427 434 582 487 Ἔστι
614 434 671 487 δὲ
700 428 761 488 οὗ
792 436 901 490 τῶν
938 435 1134 507 λόγων,
1165 439 1247 505 δίς
1288 458 1391 513 που
1436 442 1529 495 καὶ
1560 441 1717 514 τρὶς,

1839 442 1945 498 ιιιίε
1966 450 2342 512 'proponetur.
2384 437 2482 495 His
2523 438 2668 496 enim
2699 439 3032 510 voluptatem
3057 478 3073 503 ,
3103 438 3399 495 utilitatem

122 524 319 595 ὥσπερ
334 542 414 588 τις
428 525 612 594 ἕτερος
632 525 727 593 ὢν,
751 526 989 598 ἐμαυτοῦ
1018 529 1218 599 γέγονα
1250 532 1386 602 μετᾶ
1414 532 1525 586 τῶν
1553 550 1698 605 παρ-

122 616 298 670 όντων
343 617 641 687 άκροατής’
691 620 786 671 καὶ
832 618 929 673 νῦν
979 621 1170 687 ὁσάκις
1203 621 1271 676 ἂν
1308 624 1449 678 ὲπίω
1480 626 1542 678 τὸ
1575 624 1707 696 σύγ-

126 724 369 777 γραμμα
390 748 404 771 ,
450 707 736 780 θαυμαστή
785 727 868 774 τις
900 712 1029 785 περὶ
1066 713 1167 783 ἐμὲ
1199 712 1438 780 διάθεσις
1470 716 1709 784 γίνεται,

130 797 226 850 καί
256 815 336 860 τις
364 797 513 868 ὀμφή
555 814 621 867 με
656 797 774 852 θεία
807 804 1114 872 περιχεῖται
1154 804 1298 857 κατὰ
1341 805 1438 875 τὴν
1473 805 1708 876 ποίησιν.

130 889 199 942 Ei
230 888 287 941 δὲ
320 889 393 959 μὴ
430 888 588 959 μόνον
627 889 688 943 τὸ
718 889 888 954 πάθος
919 892 1055 959 ἐμοῦ
1081 932 1095 957 ,
1149 893 1244 947 καὶ
1277 895 1405 965 περὶ
1445 895 1632 966 ἕτερον
1666 896 1712 949 δ’

130 976 201 1031 ἂν
228 977 401 1031 ταῦτα
429 979 657 1046 γένοιτο,
694 980 758 1033 σὺ
788 982 879 1034 καὶ
906 981 1061 1035 τοῦτο
1098 982 1377 1054 μηνύσεις.
1416 985 1487 1037 Σὺ
1516 986 1622 1058 γάρ
1649 985 1714 1058 δὴ

137 1072 258 1138 μετ’
291 1070 391 1138 ἐμὲ
432 1069 622 1142 πρώτη
655 1070 763 1123 τῶν
809 1072 1078 1143 Ἑλλήνων
1108 1073 1351 1145 ἐντεύξῃ.
1392 1073 1576 1129 Ταῦτα
1606 1076 1715 1130 τῶν

134 1158 273 1221 τέως
308 1158 607 1211 ἁνεκδότων
641 1159 954 1216 ἀπέστειλα.
992 1163 1102 1217 Καὶ
1135 1163 1221 1215 ἴνα
1253 1162 1457 1226 τέλειος
1487 1162 1720 1233 ἀριθμὸς

135 1246 197 1322 ᾗ.
229 1249 542 1321 προσέθηκα
566 1251 658 1304 τὸν
686 1254 814 1323 περὶ
852 1253 947 1306 τοῦ
981 1253 1156 1325 δώρου
1187 1254 1300 1324 (92)
1322 1292 1337 1314 ,
1371 1253 1541 1307 πάλαι
1569 1254 1723 1322 γένο.

140 1358 301 1411 μενον
328 1343 386 1394 ἐν
418 1342 496 1413 τῷ
534 1343 710 1414 καιρῴ
739 1345 835 1414 τῆς
870 1345 1167 1416 πρεσϐείας
1195 1346 1332 1417 πρὸς
1364 1345 1531 1416 ἄνδρα
1571 1347 1722 1416 παρὰ

141 1429 348 1503 βασιλεῖ
372 1436 926 1506 παραδυναστεύοντα·
950 1438 1045 1492 καί
1065 1455 1119 1491 τι
1141 1439 1235 1492 τοῦ
1256 1438 1416 1507 λόγου
1436 1454 1494 1491 τε
1516 1436 1723 1491 καὶτοῦ

139 1526 314 1598 δώρου
340 1528 587 1581 Πεντάπε
613 1526 806 1583 ὤνατο.

1811 533 1921 589 illis
1954 531 2177 596 all'eret;
2218 531 2467 594 omnino,
2498 531 2602 586 nisi
2628 546 2657 584 a
2691 540 2765 592 te,
2798 530 3194 599 qumjudicare
3220 538 3398 600 potes,

1811 623 2079 689 rejectum
2101 629 2267 692 atque
2310 622 2593 675 inductqu
2621 620 2807 676 fuerit.
2833 622 2930 676 Sin
2962 622 3057 677 tibi
3081 621 3398 677 Graecorum

1812 715 2039 769 auribus
2086 713 2371 782 indignum
2417 713 2668 767 videatur
2697 756 2711 779 ,
2764 724 2820 769 et
2873 728 2998 769 cum
3058 714 3398 778 Aristotele,

1813 806 1992 861 amico
2020 805 2303 860 veritatem
2326 803 2695 873 antiquiorem
2728 804 2952 865 habeas,
2978 803 3088 856 alta
3107 803 3396 871 densaque

1812 896 2048 968 caligine
2091 896 2451 961 obvolvetur,
2492 909 2597 949 nec
2632 894 2741 948 ulla
2780 892 2923 948 inter
2954 892 3205 947 homines
3234 892 3302 947 dc
3335 907 3403 946 eo

1815 988 1904 1043 fiet
1929 986 2156 1042 mentio.
2196 984 2304 1040 Sed
2339 983 2407 1038 de
2434 1000 2501 1040 eo
2532 986 2820 1039 hactenus.
2854 982 3102 1037 Alterum
3136 997 3277 1051 opus
3308 980 3403 1035 Dei

1815 1077 2074 1133 mandato
2091 1077 2378 1145 scriptum,
2411 1083 2468 1130 et
2502 1074 2569 1129 ab
2601 1074 2793 1129 eodem
2821 1073 3215 1133 examinatum,
3238 1070 3403 1141 293

1815 1183 1880 1223 ac
1925 1182 2254 1239 perpensum
2291 1174 2416 1232 est,
2462 1166 2608 1236 quod
2658 1164 2995 1236 ituaginandi
3045 1164 3096 1218 vi
3138 1170 3403 1231 tanquam

1816 1260 1956 1330 grati
1985 1259 2153 1312 animi
2186 1274 2388 1313 munus
2419 1267 2506 1313 est
2546 1265 2960 1312 consecratum.
2989 1256 3244 1311 lnstituta
3276 1268 3408 1307 vero

1818 1354 1873 1406 iu
1926 1367 1992 1406 eo
2032 1351 2332 1421 disputatio
2372 1359 2455 1404 est
2501 1350 2569 1405 de
2611 1351 2793 1405 anima
2837 1348 3151 1405 simulacris
3206 1346 3404 1409 aﬂixa;

1820 1442 2038 1511 aliaque
2064 1442 2326 1495 nonnulla
2358 1441 2614 1511 dogmata
2650 1449 3005 1511 promuntur,
3037 1439 3106 1494 de
3143 1438 3346 1508 quibus
3376 1448 3411 1487 a

1824 1532 1977 1587 nullo
2006 1531 2274 1586 hactenus
2315 1530 2629 1586 Graecorum
2664 1539 2750 1586 est
2780 1530 3141 1601 disputatum.
3187 1528 3261 1583 De
3298 1540 3413 1596 quo

140 1622 271 1690 quid
323 1624 513 1677 attinet
555 1625 710 1694 plura
760 1625 989 1682 dicere?
1031 1624 1369 1683 Universum
1418 1645 1548 1684 vero
1596 1628 1729 1685 illud
1787 1642 1928 1698 opus
1969 1644 2077 1682 uua
2136 1634 2297 1682 nocte
2333 1627 2675 1682 elaboratum
2719 1634 2835 1690 est,
2876 1643 2974 1683 seu
3013 1625 3192 1681 noctis
3232 1621 3413 1694 potius

147 1713 362 1782 reliqua
427 1723 626 1783 parte,
671 1731 769 1786 per
818 1733 982 1787 quam
1032 1727 1087 1773 et
1122 1718 1193 1773 de
1242 1735 1310 1774 eo
1358 1720 1765 1776 conscribendo
1841 1720 2022 1775 oblata
2078 1720 2212 1775 mihi
2275 1720 2416 1774 visio
2464 1727 2571 1774 est.
2624 1719 2935 1785 Quinetiam
2988 1719 3043 1773 in
3082 1715 3417 1787 quibusdam

145 1803 414 1859 orationis
445 1805 694 1873 partibus
726 1807 811 1864 bis
840 1808 1009 1865 ferme
1041 1810 1124 1864 vel
1152 1820 1256 1874 ter,
1282 1820 1545 1882 tanquam
1576 1812 1720 1867 alius
1761 1810 1958 1873 forem,
1991 1810 2096 1865 mei
2128 1810 2302 1879 ipsius
2343 1826 2468 1865 cum
2503 1811 2571 1866 iis
2614 1811 2708 1881 qui
2761 1809 3015 1872 aderant,
3058 1808 3239 1863 factus
3292 1820 3414 1860 sum

147 1893 386 1949 auditor.
417 1894 482 1948 Et
517 1911 664 1951 nunc
684 1897 900 1967 quoties
930 1913 1071 1968 opus
1106 1914 1398 1967 percurro,
1429 1903 1570 1956 tniro
1597 1900 1839 1972 quodam
1882 1901 2045 1955 modo
2066 1900 2296 1965 atlicior.
2339 1909 2393 1956 ct
2430 1918 2535 1955 vox
2578 1916 2665 1957 me
2703 1902 2974 1970 quaedam,
3009 1899 3167 1969 juxta
3205 1902 3415 1972 poetas,

147 1986 334 2040 divina
367 1987 761 2044 circumsonat.
799 1990 995 2047 Utrum
1026 2007 1155 2049 vero
1185 2009 1293 2049 non
1339 1995 1411 2048 ita
1481 2010 1582 2065 ego
1647 1996 1800 2053 solus
1840 1994 2081 2060 alliciar,
2139 1995 2235 2051 sed
2281 1995 2422 2051 idem
2463 1997 2624 2053 etiam
2668 1996 2791 2051 aliis
2838 1994 3156 2064 contingat,
3192 1990 3325 2045 tuihi
3362 1995 3417 2046 et

151 2082 284 2136 illud
318 2082 671 2154 significabis.
706 2085 787 2141 Tu
824 2087 971 2142 enim
1021 2096 1146 2158 post
1179 2105 1267 2145 me
1314 2091 1488 2160 prima
1544 2092 1791 2147 omnium
1830 2106 1896 2147 ex
1936 2090 2142 2147 Gracis
2184 2091 2354 2162 leges.
2396 2090 2522 2146 llaec
2566 2091 2812 2146 nondum
2847 2089 2997 2146 edita
3039 2089 3309 2142 hactenus
3348 2080 3419 2136 ad

150 2185 205 2233 te
245 2178 409 2243 misi;
457 2187 622 2249 atque
664 2190 723 2236 ut
763 2181 1039 2251 perfectus
1085 2184 1158 2238 sit
1198 2200 1494 2251 numerus,
1537 2186 1716 2256 adjeei
1774 2186 1977 2242 librum
2032 2184 2184 2242 illum
2224 2186 2293 2242 de
2342 2187 2521 2249 dono,
2569 2201 2731 2256 quem
2772 2185 2902 2240 olim
2943 2181 3238 2253 legationis
3278 2186 3417 2232 tem-

153 2285 283 2336 pore
339 2272 407 2327 ad
450 2272 631 2327 virum
679 2275 1007 2345 scripseram
1061 2278 1153 2346 qui
1210 2285 1324 2332 tum
1375 2280 1671 2349 plurimum
1725 2283 1871 2353 apud
1931 2283 2316 2354 imperatorem
2362 2290 2598 2352 poterat.
2642 2280 2847 2351 Estque
2909 2276 3225 2346 Pentapolis
3276 2287 3414 2328 non-

153 2363 289 2418 nihil
314 2380 381 2419 ex
406 2379 473 2420 eo
507 2365 648 2420 libro
671 2405 686 2430 ,
722 2365 981 2437 donoque
1007 2368 1262 2422 utilitatis
1284 2380 1602 2427 consecuta.

669 2458 1010 2513 ΕηιΣΤοΑιι
1047 2460 1217 2517 PNA'.
1764 2474 1808 2529 Β

549 2546 883 2615 Δομετιανῷ
914 2549 1327 2619 Σχολαστικῷ.

222 2638 370 2695 Πάνυ
404 2638 591 2708 σαφῶς
618 2639 685 2692 δι’
718 2640 897 2694 αὐτῶν
924 2644 1408 2715 καταμεμαθηκὼς
1429 2646 1537 2700 τῶν
1560 2646 1737 2718 ἔργων

152 2727 253 2798 τὴν
280 2729 379 2798 σὴν
411 2729 720 2799 θαυμασίαν
753 2731 995 2804 κεφαλὴν
1018 2733 1316 2805 χαίρουσαν
1343 2752 1404 2788 τε
1435 2735 1739 2808 φιλανθρω-

155 2818 275 2889 πίᾳ,
304 2820 397 2872 καὶ
419 2822 530 2882 τοῖς
552 2819 828 2889 δεομένοις
848 2823 1008 2892 χεῖρα
1034 2820 1365 2894 βουλομένην
1386 2822 1623 2895 ὀρέγειν
1649 2824 1737 2877 ἐπ’

2349 2454 2684 2513 EPISTOLA
2722 2452 2903 2508 CLIV.

2275 2548 2585 2604 Domitiano
2622 2546 2977 2602 Scholastico.

1904 2641 2044 2697 Cum
2075 2641 2210 2697 illud
2243 2642 2538 2712 perspicue
2568 2657 2634 2695 ex
2663 2641 2831 2695 rebus
2872 2638 3008 2709 ipsis
3036 2636 3311 2708 factisque
3335 2636 3421 2693 di-

1837 2732 2087 2798 dicerim,
2113 2742 2166 2788 te
2190 2732 2474 2803 egregium
2498 2746 2564 2787 ae
2599 2732 2923 2801 praeclarum
2953 2735 3121 2799 caput
3150 2727 3218 2782 ad
3250 2741 3418 2782 omne

1844 2824 2206 2880 humanitatis
2238 2822 2477 2879 cilicium
2515 2838 2641 2878 esse
2672 2835 3044 2892 propensum,
3078 2818 3424 2886 libenterque

156 2908 288 2963 αὐτὸ
316 2907 381 2979 δὴ
403 2908 561 2962 τοῦτο
590 2910 912 2981 παρακαλῶ,
944 2911 1125 2964 ἵππων
1155 2913 1235 2975 είς
1262 2912 1467 2975 πεδίον,
1491 2912 1650 2967 τοῦτο
1671 2913 1739 2983 δὴ

156 2998 218 3051 τὸ
242 2998 337 3054 τοῦ
369 3001 549 3069 λόγου,
574 3001 902 3072 προτρέπειν
925 3001 1245 3073 ἡγούμενος.
1276 3002 1384 3056 Καί
1413 3020 1495 3055 σοι
1516 3003 1675 3056 πλέον
1702 3003 1738 3074 ἢ

160 3090 441 3163 πρότερον,
473 3085 518 3145 ὦ
547 3092 674 3165 φίλη
698 3094 929 3162 κεφαλὴ,
953 3093 1048 3148 νῦν
1073 3095 1172 3164 τὴν
1196 3094 1604 3165 φιλανθρωπίαν
1627 3097 1742 3149 ὲπι-

156 3178 418 3245 δεικτέον,
449 3181 560 3250 ὅσῳ
585 3181 679 3234 καὶ
715 3182 776 3234 τὸ
804 3182 1093 3253 πρόσωπον
1117 3180 1476 3252 ὲλεεινὸτερόν
1505 3182 1622 3235 ἐστι
1644 3182 1741 3236 νῦν

160 3272 224 3325 τὸ
246 3267 306 3325 εὖ
338 3272 681 3342 πεισόμενον.
712 3273 853 3343 Γυνή
884 3289 943 3325 τε
975 3272 1086 3343 γάρ
1117 3272 1263 3325 ἐστιν
1288 3270 1449 3342 αὕτη,
1481 3271 1576 3326 καὶ
1605 3272 1743 3343 γυνὴ

160 3362 542 3434 δυστυχήσασα
573 3363 817 3433 χηρείαν·
856 3359 975 3419 εἶτα
1018 3363 1114 3417 σὺν
1150 3362 1371 3434 ὀρφανῷ
1400 3363 1599 3434 παιδίῳ
1638 3380 1745 3418 πα-

163 3452 353 3517 θοῦσα,
393 3453 430 3506 ἃ
462 3453 748 3531 πέπονθεν.
782 3454 973 3520 Ὅστις
1000 3452 1055 3507 δέ
1080 3455 1227 3508 ἐστιν
1264 3456 1292 3508 ὁ
1322 3454 1528 3526 ταύτην
1556 3455 1745 3527 ἀδική-

165 3560 285 3608 σας,
316 3545 410 3598 καὶ
451 3544 479 3597 ὅ
502 3561 576 3607 τι,
621 3544 714 3596 καὶ
741 3545 907 3607 ὅπως,
938 3544 1076 3615 αὑτὴ
1099 3544 1297 3608 διδάξει
1327 3544 1426 3614 τὴν
1457 3544 1554 3615 σὴν
1588 3544 1746 3600 καλο-

166 3634 454 3703 καγαθίαν.
483 3634 626 3708 Ὅρα
648 3634 849 3700 τοίνυν,
878 3628 923 3689 ὧ
948 3634 1240 3705 θαυμάσιε,
1269 3636 1416 3698 ὅπως
1446 3635 1744 3705 ὲπαμυνεῖς

164 3728 231 3797 τῇ
264 3727 479 3795 γυναικὶ
501 3767 515 3789 ,
547 3727 641 3778 καὶ
685 3726 776 3779 διὰ
817 3726 878 3778 τὸ
908 3725 1087 3789 καλῶς
1132 3725 1274 3795 ἔχον,
1320 3726 1415 3779 καὶ
1452 3725 1541 3779 διὰ
1568 3724 1629 3778 τὸ
1660 3725 1745 3779 σοι

1845 2915 2190 2987 supplicibus
2220 2929 2445 2968 manum
2486 2913 2623 2968 velle
2648 2912 2950 2983 porrigere,
2981 2911 3048 2965 ad
3075 2909 3130 2965 id
3157 2908 3337 2979 ipsum
3368 2917 3423 2963 te

1841 3017 2108 3075 provoco,
2140 3017 2367 3072 equum,
2404 3010 2465 3054 ut
2492 3001 2671 3067 aiunt,
2707 3001 2773 3055 ad
2806 3013 3058 3069 campum
3091 2998 3301 3053 hortari
3335 3011 3423 3051 me

1851 3094 2203 3151 existimans.
2230 3091 2354 3146 'l'ibi
2381 3105 2514 3145 vero
2552 3091 2726 3159 magis
2755 3104 2920 3159 quam
2952 3094 3133 3154 antea,
3173 3088 3259 3141 vir
3280 3087 3422 3141 ami-

1841 3183 2086 3246 cissime,
2113 3180 2468 3251 praebendum
2495 3179 2851 3234 humanitatis
2876 3185 2984 3231 tuae
2999 3177 3283 3245 specimen
3311 3184 3426 3240 est,

1842 3278 2053 3341 quanto
2101 3277 2158 3326 et
2191 3268 2559 3323 miserabilior
2587 3281 2823 3337 persona
2853 3272 2940 3320 est
2971 3265 3026 3318 in
3058 3278 3218 3333 quam
3250 3263 3417 3317 benc-

1844 3362 2029 3419 ficium
2060 3361 2392 3417 contuleris.
2429 3359 2627 3415 Mulier
2658 3361 2862 3430 quippe
2882 3365 2987 3423 est,
3020 3365 3075 3411 et
3095 3356 3163 3410 ad
3186 3355 3424 3410 viduita-

1842 3461 1954 3510 tem
1982 3452 2209 3509 redacta
2250 3453 2449 3507 mulier
2476 3469 2490 3506 :
2518 3460 2635 3506 tum
2670 3466 2734 3507 ea
2765 3465 2931 3521 passa
2956 3463 3083 3503 cum
3120 3448 3331 3517 pupillo
3360 3445 3424 3499 tl-

1844 3544 1941 3609 lio,
1973 3559 2319 3615 quaecunque
2352 3558 2515 3613 passa
2564 3555 2671 3598 est.
2711 3543 2756 3597 Δ
2784 3556 3024 3611 quonam
3058 3554 3187 3594 vero
3224 3537 3423 3607 injuria

1845 3635 1917 3690 sit
1937 3634 2154 3699 aﬂ‘ecta,
2178 3643 2233 3690 et
2255 3650 2364 3705 qua
2392 3636 2448 3689 in
2484 3651 2564 3698 re,
2594 3642 2650 3690 et
2676 3632 2972 3704 quomodo,
3005 3632 3125 3704 ipsa
3155 3639 3263 3685 tua:
3295 3643 3425 3698 pro-

1846 3724 2001 3780 bitati
2037 3725 2362 3781 declarabit.
2390 3724 2783 3792 Quamobrem,
2824 3723 2908 3776 vir
2949 3721 3168 3786 eximie,
3203 3720 3330 3774 vide
3364 3727 3427 3772 ut

167 3809 399 3879 πρέπον,
438 3809 531 3867 καὶ
563 3809 628 3862 δι’
668 3809 790 3879 ἐμέ.
823 3809 1049 3879 Μεθέξω
1080 3809 1187 3881 γάρ
1224 3809 1302 3863 ἔτι
1335 3827 1415 3867 σοι
1450 3807 1606 3878 κάγὼ
1634 3809 1726 3865 τῶι

1847 3817 2128 3871 mulierem
2156 3815 2439 3880 defendas,
2460 3832 2582 3871 cum
2609 3829 2708 3886 pro
2733 3829 2799 3869 eo
2827 3814 2972 3883 quod
2999 3813 3291 3868 honestum
3316 3818 3429 3876 estw,

166 3900 252 3963 εις
292 3900 460 3971 αὐτὴν
486 3900 805 3969 γινομένων,
843 3899 1129 3967 συγγενίδα
1161 3916 1220 3951 τε
1249 3894 1414 3953 οὖσαν
1446 3900 1609 3969 ἐμὴν,
1649 3900 1743 3954 καὶ

168 3990 554 4062 τεθραμμένην
576 3989 680 4043 ὑπὸ
702 3989 869 4061 μητρὶ
894 3988 1097 4059 κοσμία
1117 3989 1410 4060 σωφρόνως
1432 3991 1560 4061 παρ’
1583 3991 1739 4060 ἡμῖν.

1848 3912 1964 3960 tum
1983 3907 2130 3977 quod
2157 3907 2268 3963 tuis
2287 3907 2533 3961 moribus
2568 3914 3020 3969 consentaneum,
3047 3912 3160 3957 tum
3194 3901 3303 3959 mei
3329 3900 3425 3956 de-

1848 3997 2016 4067 nique
2064 3999 2263 4069 gratia.
2324 3997 2434 4051 Ero
2481 3999 2626 4054 enim
2674 3998 2961 4061 omnium,
3003 4012 3127 4067 qua:
3170 3997 3227 4050 in
3272 3993 3423 4048 illam

169 4081 492 4146 contuleris,
522 4080 911 4137 beneﬁciorum
936 4079 1247 4151 particeps;
1286 4089 1572 4149 propterea
1603 4079 1753 4150 quod
1783 4094 1840 4139 et
1864 4088 2198 4158 cognatione
2227 4087 2518 4159 conjuncta
2544 4103 2755 4145 mecum
2782 4094 2890 4153 est,
2915 4096 2970 4143 et
2997 4085 3141 4157 apud
3179 4098 3281 4140 nos
3318 4080 3424 4138 sub

172 4174 400 4231 honesta
442 4182 616 4229 matre
644 4181 797 4228 caste
824 4188 889 4228 ac
915 4172 1114 4242 pudice
1137 4179 1223 4251 est
1249 4171 1504 4228 educata.

675 4265 1017 4320 ΕΠΙΣΤΟΛΗ
1064 4261 1237 4318 PNE’.

809 4355 892 4423 Τῷ
919 4356 1103 4423 αὐτῷ.

250 4444 333 4502 Τὰ
375 4446 560 4505 δίκαια
597 4447 787 4520 χρῄζει
830 4448 1152 4518 συμμάχων,
1200 4446 1296 4503 καὶ
1340 4446 1561 4517 γίνοιντ’
1600 4446 1667 4501 ἂν
1696 4447 1753 4503 οί,

174 4539 495 4611 βοηθοῦντες
542 4538 723 4601 αὐτοῖς
770 4537 1119 4607 εὐδαίμονες,
1165 4538 1281 4599 τοῖς
1342 4534 1519 4606 ὀρθῶς
1567 4534 1748 4606 έχουσι

172 4649 239 4685 συ
249 4629 596 4701 μπονοῦντες.
614 4628 851 4699 Είλόμην
865 4628 928 4698 δή
951 4645 1010 4681 σε
1026 4627 1232 4681 τούτων
1252 4626 1533 4698 πρόϐολον,
1554 4627 1747 4699 γνώμῃ

170 4738 233 4775 τε
259 4718 535 4790 ἀμύνοντα
562 4719 656 4772 καὶ
684 4717 870 4790 τέχνῃ.
899 4717 973 4772 Τὸ
1012 4717 1112 4788 μὲν
1142 4712 1235 4771 οὗν
1264 4718 1418 4789 ἐμὸν,
1453 4717 1657 4772 ἆπασιν
1687 4714 1748 4772 εὖ

172 4812 370 4874 ποιεῖν,
418 4803 501 4873 οἷς
541 4808 609 4863 ἂν
655 4808 921 4880 δύνωμαι.
969 4807 1123 4861 Δίδου
1166 4807 1225 4862 δὲ
1264 4809 1427 4873 αὐτὸς
1469 4810 1749 4881 ἀφορμάς.

171 4901 421 4977 Λίσθήσῃ
447 4900 555 4971 γὰρ
595 4898 798 4972 φιλίας,
833 4899 901 4971 ἢν
922 4897 1046 4952 οὔτε
1088 4898 1249 4969 αὐτὸς
1279 4899 1501 4971 μέμψῃ,
1528 4900 1750 4969 γελάσει

171 5009 237 5047 τε
272 4994 402 5057 ἴσως
427 4992 621 5055 οὐδείς.

2292 4265 2457 4339 294
2483 4264 2818 4321 EPISTOLA
2842 4265 3000 4321 cev.

2532 4356 2740 4411 Eidem.

1918 4446 2212 4516 Quaajusta
2233 4454 2365 4503 sunt
2379 4447 2561 4502 socios
2592 4457 2646 4502 et
2676 4446 2958 4516 adjutores
2988 4444 3328 4508 desiderant,
3348 4455 3425 4500 at-

1848 4538 2020 4608 quehi
2036 4538 2253 4593 demum
2274 4537 2367 4607 qui
2389 4538 2736 4593 iisauxilium
2758 4535 3310 4607 praebuerint,feliccs
3324 4535 3422 4589 ha-

1850 4627 2016 4683 bendi
2045 4635 2333 4693 sunt,cum
2358 4642 2458 4697 pro
2486 4628 2740 4696 aequitate
2765 4627 3037 4681 laborent.
3057 4625 3424 4691 Quamobrem

1856 4727 1910 4774 te
1950 4719 2147 4774 horum
2182 4725 2472 4789 patronum
2518 4731 2583 4771 ac
2623 4715 2970 4772 defensorem
3010 4715 3173 4785 elegi,
3212 4715 3310 4784 qui
3368 4722 3425 4768 et

1855 4811 2042 4865 animo
2071 4818 2126 4867 et
2161 4819 2281 4865 arte
2316 4810 2622 4865 subsidium
2657 4808 2879 4864 aﬂ'eras.
2910 4807 2991 4862 Ac
3040 4806 3187 4877 quod
3224 4806 3292 4859 ad
3338 4820 3425 4859 me

1854 4902 2084 4968 attinet,
2140 4900 2210 4957 de
2253 4902 2675 4972 quibuscunque
2722 4915 2947 4970 possum
2996 4899 3136 4954 bene
3190 4898 3425 4962 mereri,

1852 5004 1974 5047 sum
2025 4991 2431 5061 paratissimus.
2482 4988 2564 5043 Tn.
2610 5003 2743 5043 vero
2788 4987 3137 5043 occasionem
3182 4985 3426 5056 aliquam

176 5089 378 5161 praebe.
417 5087 730 5142 Amicitiam
759 5086 906 5141 enim
944 5085 1170 5147 senties,
1199 5100 1363 5155 quam
1406 5101 1583 5156 neque
1623 5086 1743 5156 ipse
1780 5093 2099 5140 contemnas
2125 5100 2287 5141 nemo
2314 5099 2444 5139 vero
2472 5083 2726 5139 fortassis
2750 5082 2999 5138 irrideat.

249 5180 525 5233 Numerus
566 5175 666 5230 156
704 5174 1083 5245 Epistolarum
1119 5176 1445 5244 completur,
1478 5190 1610 5245 cum
1661 5191 1716 5245 p.
1749 5173 1856 5230 266
1896 5183 2023 5228 nota
2070 5174 2372 5245 numeralis
2410 5175 2508 5229 129
2538 5177 2555 5195 ⁶
2581 5174 2817 5245 legatur.
2862 5171 3066 5242 Pagina
3101 5171 3288 5245 etiam,
3314 5168 3428 5245 228

171 5262 441 5306 numerus
499 5246 566 5300 79
593 5250 609 5268 ·
656 5239 934 5299 invenitur
982 5239 1261 5312 scriptusf
1296 5253 1352 5297 at
1392 5239 1680 5300 deficiente
1719 5254 1907 5313 postea
1947 5259 2101 5313 num.
2157 5244 2281 5303 10!.
2320 5259 2409 5299 res
2441 5246 2579 5299 bene
2610 5239 2789 5313 q'uoad
2831 5239 3103 5298 sum'mam
3144 5256 3204 5295 se
3239 5239 3425 5313 habet,

172 5317 463 5373 Mirabitur
495 5314 635 5371 forte
668 5315 838 5371 lector
884 5307 1110 5371 novam'
1132 5323 1188 5370 et
1224 5323 1428 5370 rectam
1458 5307 1818 5373 numerorum
1848 5313 2044 5371 seriem
2084 5312 2138 5366 in
2167 5313 2413 5368 editione
2442 5329 2583 5369 nova
2622 5307 2731 5367 non
2763 5312 2937 5367 fuisse
2968 5312 3302 5369 institutam,
3332 5307 3437 5365 sed

171 5402 303 5442 cum
335 5386 406 5439 ab
442 5385 699 5454 omnibus
729 5381 1047 5454 jamdudum
1102 5384 1343 5437 citentur
1370 5383 1586 5454 Synesii
1640 5384 1890 5454 epistola:
1915 5382 2077 5454 juxta
2095 5382 2391 5454 editionem
2415 5383 2657 5454 Diqny_sii
2682 5381 2912 5444 Petavii,
2944 5380 3077 5435 nihil
3107 5376 3429 5454 mutandum

172 5456 520 5511 censuimus.
545 5452 627 5509 Ob
649 5444 895 5523 eamdem
929 5452 1218 5518 rationem,
1244 5444 1565 5523 sequentem
1593 5444 2045 5523 epistolaquutc
2068 5453 2210 5507 inter
2235 5453 2413 5508 editas
2439 5468 2469 5507 a
2489 5444 2801 5508 PfPetavio
2834 5466 2945 5506 non
2965 5455 3269 5517 comparet.
3304 5444 3431 5499 aliis

174 5525 611 5598 postposuimus.
642 5522 803 5578 Em'r.

251 5643 362 5712 (92)
397 5643 748 5711 Προσέθηκα
784 5642 892 5712 τὸν
917 5639 1051 5712 περὶ
1088 5639 1194 5712 τοῦ
1213 5638 1423 5712 δώρου.
1446 5638 1592 5712 “Quae
1619 5647 1726 5694 orat

1839 5655 2108 5711 perperam
2167 5640 2219 5695 in
2286 5639 2526 5697 editione
2588 5637 2839 5696 Cornarii
2906 5635 2961 5690 in
3011 5646 3178 5688 censu
3218 5627 3427 5698 cpisto-

177 5707 356 5771 lat'utn
384 5707 581 5785 posita,
617 5707 739 5769 cum
775 5710 910 5767 falsa
948 5707 1307 5781 inscriptione
1329 5707 1399 5763 ad
1431 5708 1617 5765 Orum.
