  <div class='ocr_page' id='page_1' title='image "/cluster/home/n/w/nwhite01/storage/ocr_20150623/66/nnc1.0021886636/851.png"; bbox 0 0 3838 6236; ppageno 0'>
   <div class='ocr_carea' id='block_1_1' title="bbox 391 229 1976 312">
    <p class='ocr_par' dir='ltr' id='par_1_1' title="bbox 391 229 1976 292">
     <span class='ocr_line' id='line_1_1' title="bbox 391 229 1976 292; baseline 0.002 -4"><span class='ocrx_word' id='word_1_1' title='bbox 391 229 534 288; x_wconf 55' lang='grc'><strong>4⁷339</strong></span> <span class='ocrx_word' id='word_1_2' title='bbox 1479 233 1748 290; x_wconf 67' lang='grc' dir='ltr'><strong>5ΥΧΕ821</strong></span> <span class='ocrx_word' id='word_1_3' title='bbox 1790 236 1976 292; x_wconf 73' lang='grc' dir='ltr'>Ρτοι]</span> 
     </span>
    </p>
   </div>
   <div class='ocr_carea' id='block_1_2' title="bbox 2114 229 2613 312">
    <p class='ocr_par' dir='ltr' id='par_1_2' title="bbox 2122 237 2613 312">
     <span class='ocr_line' id='line_1_2' title="bbox 2122 237 2613 312; baseline 0.008 -22"><span class='ocrx_word' id='word_1_4' title='bbox 2122 237 2250 292; x_wconf 88' lang='lat' dir='ltr'><strong>IDlS</strong></span> <span class='ocrx_word' id='word_1_5' title='bbox 2292 239 2613 312; x_wconf 75' lang='lat' dir='ltr'><strong>mscoru</strong></span> 
     </span>
    </p>
   </div>
   <div class='ocr_carea' id='block_1_3' title="bbox 1104 460 2934 532">
    <p class='ocr_par' dir='ltr' id='par_1_3' title="bbox 1104 460 2934 532">
     <span class='ocr_line' id='line_1_3' title="bbox 1104 460 2934 532; baseline 0.006 -14"><span class='ocrx_word' id='word_1_6' title='bbox 1104 460 1822 524; x_wconf 67' lang='lat' dir='ltr'><strong>SI.’PPL.&#39;:‘ME.YTUM</strong></span> <span class='ocrx_word' id='word_1_7' title='bbox 1866 466 1976 523; x_wconf 77' lang='lat' dir='ltr'><strong><em>AD</em></strong></span> <span class='ocrx_word' id='word_1_8' title='bbox 2032 465 2089 524; x_wconf 87' lang='lat' dir='ltr'><em>E</em></span> <span class='ocrx_word' id='word_1_9' title='bbox 2097 466 2230 524; x_wconf 77' lang='lat' dir='ltr'><strong>P18</strong></span> <span class='ocrx_word' id='word_1_10' title='bbox 2243 465 2496 524; x_wconf 78' lang='lat' dir='ltr'><em>TOLAS</em></span> <span class='ocrx_word' id='word_1_11' title='bbox 2557 465 2934 532; x_wconf 56' lang='lat' dir='ltr'><strong>SYNESII.</strong></span> 
     </span>
    </p>
   </div>
   <div class='ocr_carea' id='block_1_4' title="bbox 2001 632 2072 645">
    <p class='ocr_par' dir='ltr' id='par_1_4' title="bbox 2001 632 2072 645">
     <span class='ocr_line' id='line_1_4' title="bbox 2001 632 2072 645; baseline 0.014 -1"><span class='ocrx_word' id='word_1_12' title='bbox 2001 632 2072 645; x_wconf 54' lang='lat'><strong>‘-</strong></span> 
     </span>
    </p>
   </div>
   <div class='ocr_carea' id='block_1_5' title="bbox 911 725 1454 784">
    <p class='ocr_par' dir='ltr' id='par_1_5' title="bbox 911 725 1454 784">
     <span class='ocr_line' id='line_1_5' title="bbox 911 725 1454 784; baseline 0.007 -5"><span class='ocrx_word' id='word_1_13' title='bbox 911 725 1244 784; x_wconf 71' lang='lat' dir='ltr'><strong>EPISTOLA</strong></span> <span class='ocrx_word' id='word_1_14' title='bbox 1279 731 1454 784; x_wconf 76' lang='lat' dir='ltr'><strong>CLVI.</strong></span> 
     </span>
    </p>
   </div>
   <div class='ocr_carea' id='block_1_6' title="bbox 397 812 1966 894">
    <p class='ocr_par' dir='ltr' id='par_1_6' title="bbox 397 812 1966 894">
     <span class='ocr_line' id='line_1_6' title="bbox 397 812 1966 894; baseline 0.008 -26"><span class='ocrx_word' id='word_1_15' title='bbox 397 812 603 883; x_wconf 71' lang='lat' dir='ltr'><strong>Syrtesii</strong></span> <span class='ocrx_word' id='word_1_16' title='bbox 641 817 867 894; x_wconf 68' lang='lat' dir='ltr'><strong>epistola</strong></span> <span class='ocrx_word' id='word_1_17' title='bbox 913 820 981 870; x_wconf 80' lang='lat' dir='ltr'><strong>ad</strong></span> <span class='ocrx_word' id='word_1_18' title='bbox 1015 821 1291 894; x_wconf 71' lang='lat' dir='ltr'><strong>quemdmn</strong></span> <span class='ocrx_word' id='word_1_19' title='bbox 1333 822 1682 889; x_wconf 78' lang='lat' dir='ltr'><strong>familiarium</strong></span> <span class='ocrx_word' id='word_1_20' title='bbox 1731 827 1822 891; x_wconf 86' lang='lat' dir='ltr'><strong>qm&#39;</strong></span> <span class='ocrx_word' id='word_1_21' title='bbox 1855 829 1966 894; x_wconf 78' lang='lat' dir='ltr'><strong>epi-</strong></span> 
     </span>
    </p>
   </div>
   <div class='ocr_carea' id='block_1_7' title="bbox 461 888 1971 968">
    <p class='ocr_par' dir='ltr' id='par_1_7' title="bbox 461 888 1971 968">
     <span class='ocr_line' id='line_1_7' title="bbox 461 888 1971 968; baseline 0.01 -32"><span class='ocrx_word' id='word_1_22' title='bbox 461 897 736 968; x_wconf 69' lang='lat' dir='ltr'><strong>scopatum</strong></span> <span class='ocrx_word' id='word_1_23' title='bbox 766 888 1052 968; x_wconf 43' lang='lat' dir='ltr'><strong>abte-&quot;sex</strong></span> <span class='ocrx_word' id='word_1_24' title='bbox 1084 888 1367 968; x_wconf 70' lang='lat' dir='ltr'><strong>longinquo</strong></span> <span class='ocrx_word' id='word_1_25' title='bbox 1397 894 1617 968; x_wconf 68' lang='lat' dir='ltr'><strong>petierat</strong></span> <span class='ocrx_word' id='word_1_26' title='bbox 1641 935 1654 956; x_wconf 87' lang='grc'><strong>,</strong></span> <span class='ocrx_word' id='word_1_27' title='bbox 1698 888 1815 961; x_wconf 82' lang='lat' dir='ltr'><strong>post</strong></span> <span class='ocrx_word' id='word_1_28' title='bbox 1845 888 1971 950; x_wconf 60' lang='lat' dir='ltr'><strong>con»</strong></span> 
     </span>
    </p>
   </div>
   <div class='ocr_carea' id='block_1_8' title="bbox 462 960 1683 1030">
    <p class='ocr_par' dir='ltr' id='par_1_8' title="bbox 462 960 1683 1030">
     <span class='ocr_line' id='line_1_8' title="bbox 462 960 1683 1030; baseline 0.008 -23"><span class='ocrx_word' id='word_1_29' title='bbox 462 960 678 1010; x_wconf 76' lang='lat' dir='ltr'><strong>alitutos</strong></span> <span class='ocrx_word' id='word_1_30' title='bbox 706 960 762 1010; x_wconf 79' lang='lat' dir='ltr'><strong>in</strong></span> <span class='ocrx_word' id='word_1_31' title='bbox 793 960 1026 1013; x_wconf 73' lang='lat' dir='ltr'><strong>ecclesiis</strong></span> <span class='ocrx_word' id='word_1_32' title='bbox 1060 963 1365 1015; x_wconf 79' lang='lat' dir='ltr'><strong>vacantibus</strong></span> <span class='ocrx_word' id='word_1_33' title='bbox 1388 965 1683 1030; x_wconf 73' lang='lat' dir='ltr'><strong>episcopos.</strong></span> 
     </span>
    </p>
   </div>
   <div class='ocr_carea' id='block_1_9' title="bbox 1997 733 3148 801">
    <p class='ocr_par' dir='ltr' id='par_1_9' title="bbox 1997 733 3148 801">
     <span class='ocr_line' id='line_1_9' title="bbox 1997 733 3148 801; baseline -0.003 -7"><span class='ocrx_word' id='word_1_34' title='bbox 1997 744 2042 794; x_wconf 74' lang='grc' dir='ltr'>Α</span> <span class='ocrx_word' id='word_1_35' title='bbox 2586 736 2928 788; x_wconf 69' lang='grc' dir='ltr'><strong>ΕΠΙΣΤΟΑΗ</strong></span> <span class='ocrx_word' id='word_1_36' title='bbox 2963 733 3148 801; x_wconf 75' lang='lat' dir='ltr'><strong>PNq&#39;.</strong></span> 
     </span>
    </p>
   </div>
   <div class='ocr_carea' id='block_1_10' title="bbox 2070 819 3805 896">
    <p class='ocr_par' dir='ltr' id='par_1_10' title="bbox 2070 819 3805 896">
     <span class='ocr_line' id='line_1_10' title="bbox 2070 819 3805 896; baseline -0.005 -16"><span class='ocrx_word' id='word_1_37' title='bbox 2070 830 2366 881; x_wconf 82' lang='grc' dir='ltr'>Συνεσίου</span> <span class='ocrx_word' id='word_1_38' title='bbox 2411 827 2702 892; x_wconf 71' lang='grc' dir='ltr'>ἐπιστολὴ</span> <span class='ocrx_word' id='word_1_39' title='bbox 2735 828 2867 896; x_wconf 66' lang='lat'><strong>(92&#39;)</strong></span> <span class='ocrx_word' id='word_1_40' title='bbox 2896 828 3042 893; x_wconf 82' lang='grc' dir='ltr'>πρός</span> <span class='ocrx_word' id='word_1_41' title='bbox 3087 842 3219 878; x_wconf 79' lang='grc' dir='ltr'>τινα</span> <span class='ocrx_word' id='word_1_42' title='bbox 3245 825 3382 878; x_wconf 77' lang='grc' dir='ltr'><strong>τῶν</strong></span> <span class='ocrx_word' id='word_1_43' title='bbox 3439 821 3734 896; x_wconf 63' lang='grc' dir='ltr'>ἐτᾳῷων·</span> <span class='ocrx_word' id='word_1_44' title='bbox 3799 819 3805 851; x_wconf 62' lang='grc'>³</span> 
     </span>
    </p>
   </div>
   <div class='ocr_carea' id='block_1_11' title="bbox 2138 891 3734 964">
    <p class='ocr_par' dir='ltr' id='par_1_11' title="bbox 2138 891 3734 964">
     <span class='ocr_line' id='line_1_11' title="bbox 2138 891 3734 964; baseline -0.006 -15"><span class='ocrx_word' id='word_1_45' title='bbox 2138 897 2482 964; x_wconf 76' lang='grc' dir='ltr'><strong>ἐπισκοπὴν</strong></span> <span class='ocrx_word' id='word_1_46' title='bbox 2515 897 2582 950; x_wconf 77' lang='grc' dir='ltr'>ἐκ</span> <span class='ocrx_word' id='word_1_47' title='bbox 2613 891 3318 964; x_wconf 67' lang='grc' dir='ltr'>μάκρόθὲνίιὶτήσαντα,</span> <span class='ocrx_word' id='word_1_48' title='bbox 3363 893 3580 963; x_wconf 77' lang='grc' dir='ltr'>μετὰ</span> <span class='ocrx_word' id='word_1_49' title='bbox 3618 891 3734 954; x_wconf 61' lang='grc' dir='ltr'><strong>τὴν</strong></span> 
     </span>
    </p>
   </div>
   <div class='ocr_carea' id='block_1_12' title="bbox 2141 965 3168 1020">
    <p class='ocr_par' dir='ltr' id='par_1_12' title="bbox 2141 965 3168 1020">
     <span class='ocr_line' id='line_1_12' title="bbox 2141 965 3168 1020; baseline -0.002 0"><span class='ocrx_word' id='word_1_50' title='bbox 2141 967 2263 1020; x_wconf 82' lang='grc' dir='ltr'><strong>τῶν</strong></span> <span class='ocrx_word' id='word_1_51' title='bbox 2288 967 2634 1020; x_wconf 81' lang='grc' dir='ltr'>ἐπισκόπων</span> <span class='ocrx_word' id='word_1_52' title='bbox 2657 965 3168 1020; x_wconf 75' lang='grc' dir='ltr'>ἀποκατάστασιν.</span> 
     </span>
    </p>
   </div>
   <div class='ocr_carea' id='block_1_13' title="bbox 2140 1051 3727 1126">
    <p class='ocr_par' dir='ltr' id='par_1_13' title="bbox 2140 1051 3727 1126">
     <span class='ocr_line' id='line_1_13' title="bbox 2140 1051 3727 1126; baseline -0.004 -16"><span class='ocrx_word' id='word_1_53' title='bbox 2140 1057 2214 1110; x_wconf 79' lang='grc' dir='ltr'>Τὸ</span> <span class='ocrx_word' id='word_1_54' title='bbox 2243 1056 2547 1126; x_wconf 81' lang='grc' dir='ltr'>σοφώτατον</span> <span class='ocrx_word' id='word_1_55' title='bbox 2569 1056 2819 1126; x_wconf 83' lang='grc' dir='ltr'>γράμμα,</span> <span class='ocrx_word' id='word_1_56' title='bbox 2841 1057 2902 1109; x_wconf 85' lang='grc' dir='ltr'>τὸ</span> <span class='ocrx_word' id='word_1_57' title='bbox 2926 1056 3066 1126; x_wconf 81' lang='grc' dir='ltr'>μάλα</span> <span class='ocrx_word' id='word_1_58' title='bbox 3095 1055 3194 1126; x_wconf 79' lang='grc' dir='ltr'><strong>μὲν</strong></span> <span class='ocrx_word' id='word_1_59' title='bbox 3213 1053 3530 1124; x_wconf 74' lang='grc' dir='ltr'>ἐμμελὲς,</span> <span class='ocrx_word' id='word_1_60' title='bbox 3572 1051 3727 1121; x_wconf 61' lang='grc' dir='ltr'>μάλα</span> 
     </span>
    </p>
   </div>
   <div class='ocr_carea' id='block_1_14' title="bbox 2069 1141 3730 1220">
    <p class='ocr_par' dir='ltr' id='par_1_14' title="bbox 2069 1141 3730 1220">
     <span class='ocr_line' id='line_1_14' title="bbox 2069 1141 3730 1220; baseline -0.006 -17"><span class='ocrx_word' id='word_1_61' title='bbox 2069 1149 2124 1203; x_wconf 85' lang='grc' dir='ltr'>δὲ</span> <span class='ocrx_word' id='word_1_62' title='bbox 2161 1149 2356 1220; x_wconf 85' lang='grc' dir='ltr'>βραχὺ,</span> <span class='ocrx_word' id='word_1_63' title='bbox 2390 1149 2526 1202; x_wconf 82' lang='grc' dir='ltr'>ἀλλὰ</span> <span class='ocrx_word' id='word_1_64' title='bbox 2551 1149 2645 1202; x_wconf 80' lang='grc' dir='ltr'><strong>καὶ</strong></span> <span class='ocrx_word' id='word_1_65' title='bbox 2675 1149 2819 1220; x_wconf 80' lang='grc' dir='ltr'>μάλα</span> <span class='ocrx_word' id='word_1_66' title='bbox 2850 1149 2994 1216; x_wconf 81' lang='grc' dir='ltr'>λιγὺ,</span> <span class='ocrx_word' id='word_1_67' title='bbox 3023 1148 3050 1200; x_wconf 85' lang='grc' dir='ltr'><strong>ὃ</strong></span> <span class='ocrx_word' id='word_1_68' title='bbox 3075 1148 3137 1216; x_wconf 79' lang='grc' dir='ltr'>δή</span> <span class='ocrx_word' id='word_1_69' title='bbox 3167 1163 3249 1198; x_wconf 87' lang='grc' dir='ltr'><strong>τοι</strong></span> <span class='ocrx_word' id='word_1_70' title='bbox 3277 1149 3308 1198; x_wconf 80' lang='grc' dir='ltr'>ὁ</span> <span class='ocrx_word' id='word_1_71' title='bbox 3337 1145 3475 1198; x_wconf 75' lang='grc' dir='ltr'>θαυ</span> <span class='ocrx_word' id='word_1_72' title='bbox 3483 1165 3537 1213; x_wconf 67' lang='grc' dir='ltr'><strong>μ</strong></span> <span class='ocrx_word' id='word_1_73' title='bbox 3549 1141 3730 1202; x_wconf 68' lang='lat' dir='ltr'><strong>ato-16;</strong></span> 
     </span>
    </p>
   </div>
   <div class='ocr_carea' id='block_1_15' title="bbox 2071 1235 3730 1311">
    <p class='ocr_par' dir='ltr' id='par_1_15' title="bbox 2071 1235 3730 1311">
     <span class='ocr_line' id='line_1_15' title="bbox 2071 1235 3730 1311; baseline -0.006 -17"><span class='ocrx_word' id='word_1_74' title='bbox 2071 1257 2154 1294; x_wconf 89' lang='grc' dir='ltr'><strong>σοι</strong></span> <span class='ocrx_word' id='word_1_75' title='bbox 2185 1239 2310 1304; x_wconf 76' lang='grc' dir='ltr'>νοῦς</span> <span class='ocrx_word' id='word_1_76' title='bbox 2349 1240 2632 1307; x_wconf 82' lang='grc' dir='ltr'>ἀπέτεκεν,</span> <span class='ocrx_word' id='word_1_77' title='bbox 2661 1241 2791 1311; x_wconf 83' lang='grc' dir='ltr'>ἡμῖν</span> <span class='ocrx_word' id='word_1_78' title='bbox 2824 1239 3080 1310; x_wconf 82' lang='grc' dir='ltr'>κομισθὲν</span> <span class='ocrx_word' id='word_1_79' title='bbox 3126 1236 3308 1307; x_wconf 81' lang='grc' dir='ltr'>ὤνησέ</span> <span class='ocrx_word' id='word_1_80' title='bbox 3349 1253 3424 1288; x_wconf 80' lang='grc' dir='ltr'><strong>τε</strong></span> <span class='ocrx_word' id='word_1_81' title='bbox 3469 1235 3562 1286; x_wconf 71' lang='grc' dir='ltr'>τὰ</span> <span class='ocrx_word' id='word_1_82' title='bbox 3624 1235 3730 1302; x_wconf 78' lang='grc' dir='ltr'><strong>μὲ-</strong></span> 
     </span>
    </p>
   </div>
   <div class='ocr_carea' id='block_1_16' title="bbox 2069 1327 3728 1402">
    <p class='ocr_par' dir='ltr' id='par_1_16' title="bbox 2069 1327 3728 1402">
     <span class='ocr_line' id='line_1_16' title="bbox 2069 1327 3728 1402; baseline -0.007 -15"><span class='ocrx_word' id='word_1_83' title='bbox 2069 1349 2252 1402; x_wconf 83' lang='grc' dir='ltr'>γιστα.</span> <span class='ocrx_word' id='word_1_84' title='bbox 2282 1332 2375 1385; x_wconf 76' lang='grc' dir='ltr'><strong>καὶ</strong></span> <span class='ocrx_word' id='word_1_85' title='bbox 2405 1328 2538 1402; x_wconf 81' lang='grc' dir='ltr'>ἦσεν</span> <span class='ocrx_word' id='word_1_86' title='bbox 2569 1331 2684 1401; x_wconf 79' lang='grc' dir='ltr'><strong>ἅμα</strong></span> <span class='ocrx_word' id='word_1_87' title='bbox 2711 1332 2869 1401; x_wconf 78' lang='grc' dir='ltr'>διπλῇ</span> <span class='ocrx_word' id='word_1_88' title='bbox 2893 1346 2906 1360; x_wconf 89' lang='grc'><strong>·</strong></span> <span class='ocrx_word' id='word_1_89' title='bbox 2943 1329 3020 1401; x_wconf 80' lang='grc' dir='ltr'>τῷ</span> <span class='ocrx_word' id='word_1_90' title='bbox 3049 1346 3108 1382; x_wconf 91' lang='grc' dir='ltr'><strong>τε</strong></span> <span class='ocrx_word' id='word_1_91' title='bbox 3135 1328 3270 1399; x_wconf 76' lang='grc' dir='ltr'>πρὸς</span> <span class='ocrx_word' id='word_1_92' title='bbox 3302 1329 3586 1397; x_wconf 61' lang='grc' dir='ltr'>ἀρίστω)</span> <span class='ocrx_word' id='word_1_93' title='bbox 3627 1327 3728 1376; x_wconf 78' lang='grc' dir='ltr'><strong>καὶ</strong></span> 
     </span>
    </p>
   </div>
   <div class='ocr_carea' id='block_1_17' title="bbox 2071 1415 3727 1496">
    <p class='ocr_par' dir='ltr' id='par_1_17' title="bbox 2071 1415 3727 1496">
     <span class='ocr_line' id='line_1_17' title="bbox 2071 1415 3727 1496; baseline -0.008 -18"><span class='ocrx_word' id='word_1_94' title='bbox 2071 1426 2266 1496; x_wconf 81' lang='grc' dir='ltr'>κομιδῇ</span> <span class='ocrx_word' id='word_1_95' title='bbox 2307 1424 2412 1478; x_wconf 84' lang='grc' dir='ltr'><strong>τῶν</strong></span> <span class='ocrx_word' id='word_1_96' title='bbox 2443 1423 2745 1477; x_wconf 77' lang='grc' dir='ltr'>ἐπαινετῶν</span> <span class='ocrx_word' id='word_1_97' title='bbox 2779 1422 3016 1494; x_wconf 77' lang='grc' dir='ltr'>ἑταίρου.</span> <span class='ocrx_word' id='word_1_98' title='bbox 3048 1421 3138 1473; x_wconf 75' lang='grc' dir='ltr'>καὶ</span> <span class='ocrx_word' id='word_1_99' title='bbox 3165 1418 3243 1487; x_wconf 82' lang='grc' dir='ltr'><strong>τῷ</strong></span> <span class='ocrx_word' id='word_1_100' title='bbox 3276 1418 3432 1489; x_wconf 80' lang='grc' dir='ltr'><strong>μετὰ</strong></span> <span class='ocrx_word' id='word_1_101' title='bbox 3483 1415 3727 1484; x_wconf 73' lang='grc' dir='ltr'>συχνῆς</span> 
     </span>
    </p>
   </div>
   <div class='ocr_carea' id='block_1_18' title="bbox 2071 1508 3720 1586">
    <p class='ocr_par' dir='ltr' id='par_1_18' title="bbox 2071 1508 3720 1586">
     <span class='ocr_line' id='line_1_18' title="bbox 2071 1508 3720 1586; baseline -0.008 -16"><span class='ocrx_word' id='word_1_102' title='bbox 2071 1517 2152 1570; x_wconf 84' lang='grc' dir='ltr'>ὅτι</span> <span class='ocrx_word' id='word_1_103' title='bbox 2181 1514 2645 1586; x_wconf 79' lang='grc' dir='ltr'><strong>δημιουργηθῆναι</strong></span> <span class='ocrx_word' id='word_1_104' title='bbox 2670 1514 2768 1584; x_wconf 74' lang='grc' dir='ltr'><strong>τῆς</strong></span> <span class='ocrx_word' id='word_1_105' title='bbox 2801 1514 3039 1583; x_wconf 80' lang='grc' dir='ltr'>χάριτος.</span> <span class='ocrx_word' id='word_1_106' title='bbox 3069 1513 3141 1564; x_wconf 83' lang='grc' dir='ltr'><strong>Οὐ</strong></span> <span class='ocrx_word' id='word_1_107' title='bbox 3180 1512 3290 1580; x_wconf 83' lang='grc' dir='ltr'><strong>μὴν</strong></span> <span class='ocrx_word' id='word_1_108' title='bbox 3321 1508 3368 1561; x_wconf 77' lang='grc' dir='ltr'>δ’</span> <span class='ocrx_word' id='word_1_109' title='bbox 3401 1508 3586 1562; x_wconf 68' lang='grc' dir='ltr'>ἀλλὰ</span> <span class='ocrx_word' id='word_1_110' title='bbox 3617 1510 3720 1559; x_wconf 73' lang='grc' dir='ltr'>καὶ</span> 
     </span>
    </p>
   </div>
   <div class='ocr_carea' id='block_1_19' title="bbox 2073 1596 3720 1680">
    <p class='ocr_par' dir='ltr' id='par_1_19' title="bbox 2073 1596 3720 1680">
     <span class='ocr_line' id='line_1_19' title="bbox 2073 1596 3720 1680; baseline -0.009 -18"><span class='ocrx_word' id='word_1_111' title='bbox 2073 1609 2207 1680; x_wconf 80' lang='grc' dir='ltr'>πρὸς</span> <span class='ocrx_word' id='word_1_112' title='bbox 2231 1607 2356 1662; x_wconf 84' lang='grc' dir='ltr'>ἄλλο</span> <span class='ocrx_word' id='word_1_113' title='bbox 2385 1624 2436 1658; x_wconf 90' lang='grc' dir='ltr'><strong>τι</strong></span> <span class='ocrx_word' id='word_1_114' title='bbox 2471 1605 2650 1676; x_wconf 82' lang='grc' dir='ltr'>μεῖζον</span> <span class='ocrx_word' id='word_1_115' title='bbox 2675 1606 2895 1676; x_wconf 79' lang='grc' dir='ltr'>ὴρέθισέ</span> <span class='ocrx_word' id='word_1_116' title='bbox 2924 1622 3024 1660; x_wconf 82' lang='grc' dir='ltr'><strong>που</strong></span> <span class='ocrx_word' id='word_1_117' title='bbox 3056 1605 3147 1656; x_wconf 74' lang='grc' dir='ltr'><strong>καὶ</strong></span> <span class='ocrx_word' id='word_1_118' title='bbox 3167 1602 3664 1672; x_wconf 56' lang='grc' dir='ltr'>τολμηρότεῳν,</span> <span class='ocrx_word' id='word_1_119' title='bbox 3691 1596 3720 1647; x_wconf 66' lang='grc' dir='ltr'><strong><em>ὅ</em></strong></span> 
     </span>
    </p>
   </div>
   <div class='ocr_carea' id='block_1_20' title="bbox 2068 1688 3717 1768">
    <p class='ocr_par' dir='ltr' id='par_1_20' title="bbox 2068 1688 3717 1768">
     <span class='ocr_line' id='line_1_20' title="bbox 2068 1688 3717 1768; baseline -0.007 -16"><span class='ocrx_word' id='word_1_120' title='bbox 2068 1701 2188 1768; x_wconf 76' lang='grc' dir='ltr'>τάχ’</span> <span class='ocrx_word' id='word_1_121' title='bbox 2216 1699 2301 1761; x_wconf 82' lang='grc' dir='ltr'><strong>ἂν,</strong></span> <span class='ocrx_word' id='word_1_122' title='bbox 2324 1699 2371 1750; x_wconf 83' lang='grc' dir='ltr'>εἰ</span> <span class='ocrx_word' id='word_1_123' title='bbox 2399 1697 2472 1767; x_wconf 76' lang='grc' dir='ltr'>μὴ</span> <span class='ocrx_word' id='word_1_124' title='bbox 2501 1697 2661 1758; x_wconf 83' lang='grc' dir='ltr'><strong>πόθος</strong></span> <span class='ocrx_word' id='word_1_125' title='bbox 2682 1695 2949 1766; x_wconf 88' lang='grc' dir='ltr'>δήπουθεν</span> <span class='ocrx_word' id='word_1_126' title='bbox 2976 1693 3276 1765; x_wconf 81' lang='grc' dir='ltr'>παρελθὼν,</span> <span class='ocrx_word' id='word_1_127' title='bbox 3309 1692 3400 1744; x_wconf 82' lang='grc' dir='ltr'><strong>ἆτ’</strong></span> <span class='ocrx_word' id='word_1_128' title='bbox 3431 1688 3509 1743; x_wconf 74' lang='grc' dir='ltr'><strong>εὖ</strong></span> <span class='ocrx_word' id='word_1_129' title='bbox 3552 1690 3717 1760; x_wconf 80' lang='grc' dir='ltr'>ἔχων</span> 
     </span>
    </p>
   </div>
   <div class='ocr_carea' id='block_1_21' title="bbox 2072 1781 3712 1859">
    <p class='ocr_par' dir='ltr' id='par_1_21' title="bbox 2072 1781 3712 1859">
     <span class='ocr_line' id='line_1_21' title="bbox 2072 1781 3712 1859; baseline -0.005 -15"><span class='ocrx_word' id='word_1_130' title='bbox 2072 1793 2165 1844; x_wconf 71' lang='grc' dir='ltr'>καὶ</span> <span class='ocrx_word' id='word_1_131' title='bbox 2191 1789 2258 1842; x_wconf 77' lang='grc' dir='ltr'>τὰ</span> <span class='ocrx_word' id='word_1_132' title='bbox 2301 1789 2487 1859; x_wconf 73' lang='grc' dir='ltr'>πόρρω</span> <span class='ocrx_word' id='word_1_133' title='bbox 2516 1786 2778 1840; x_wconf 80' lang='grc' dir='ltr'><strong>διεστῶτα</strong></span> <span class='ocrx_word' id='word_1_134' title='bbox 2815 1787 3123 1847; x_wconf 83' lang='grc' dir='ltr'>συνάπτειν,</span> <span class='ocrx_word' id='word_1_135' title='bbox 3163 1784 3257 1835; x_wconf 70' lang='grc' dir='ltr'><strong>καὶ</strong></span> <span class='ocrx_word' id='word_1_136' title='bbox 3288 1785 3360 1836; x_wconf 72' lang='grc' dir='ltr'>τὰ</span> <span class='ocrx_word' id='word_1_137' title='bbox 3396 1783 3569 1852; x_wconf 73' lang='grc' dir='ltr'>πρὸς</span> <span class='ocrx_word' id='word_1_138' title='bbox 3605 1781 3712 1835; x_wconf 71' lang='grc' dir='ltr'><strong>ἄλ·</strong></span> 
     </span>
    </p>
   </div>
   <div class='ocr_carea' id='block_1_22' title="bbox 394 1865 1976 1952">
    <p class='ocr_par' dir='ltr' id='par_1_22' title="bbox 394 1865 1973 1947">
     <span class='ocr_line' id='line_1_22' title="bbox 394 1865 1973 1947; baseline 0.009 -28"><span class='ocrx_word' id='word_1_139' title='bbox 394 1865 570 1921; x_wconf 86' lang='lat' dir='ltr'><strong>vicem</strong></span> <span class='ocrx_word' id='word_1_140' title='bbox 601 1868 921 1939; x_wconf 84' lang='lat' dir='ltr'><strong>plerumque</strong></span> <span class='ocrx_word' id='word_1_141' title='bbox 958 1874 1318 1936; x_wconf 88' lang='lat' dir='ltr'><strong>conciliandi,</strong></span> <span class='ocrx_word' id='word_1_142' title='bbox 1356 1875 1572 1930; x_wconf 82' lang='lat' dir='ltr'><strong>veniam</strong></span> <span class='ocrx_word' id='word_1_143' title='bbox 1609 1875 1755 1931; x_wconf 84' lang='lat' dir='ltr'><strong>facto</strong></span> <span class='ocrx_word' id='word_1_144' title='bbox 1778 1878 1973 1947; x_wconf 90' lang='lat' dir='ltr'><strong>depre-</strong></span> 
     </span>
    </p>
   </div>
   <div class='ocr_carea' id='block_1_23' title="bbox 2114 1865 3708 1952">
    <p class='ocr_par' dir='ltr' id='par_1_23' title="bbox 2114 1873 3708 1952">
     <span class='ocr_line' id='line_1_23' title="bbox 2114 1873 3708 1952; baseline -0.005 -20"><span class='ocrx_word' id='word_1_145' title='bbox 2114 1882 2206 1952; x_wconf 72' lang='grc' dir='ltr'><strong>ηλα</strong></span> <span class='ocrx_word' id='word_1_146' title='bbox 2249 1881 2504 1942; x_wconf 77' lang='grc' dir='ltr'>ἐναντίως</span> <span class='ocrx_word' id='word_1_147' title='bbox 2541 1879 2729 1949; x_wconf 76' lang='grc' dir='ltr'>ἔχοντα</span> <span class='ocrx_word' id='word_1_148' title='bbox 2765 1878 3023 1940; x_wconf 77' lang='grc' dir='ltr'><strong>πολλάκις</strong></span> <span class='ocrx_word' id='word_1_149' title='bbox 3053 1876 3384 1947; x_wconf 79' lang='grc' dir='ltr'>συμφέρειν,</span> <span class='ocrx_word' id='word_1_150' title='bbox 3417 1873 3708 1942; x_wconf 75' lang='grc' dir='ltr'>συγγνὼ-</span> 
     </span>
    </p>
   </div>
   <div class='ocr_carea' id='block_1_24' title="bbox 397 1963 1976 2044">
    <p class='ocr_par' dir='ltr' id='par_1_24' title="bbox 397 1963 1970 2035">
     <span class='ocr_line' id='line_1_24' title="bbox 397 1963 1970 2035; baseline 0.01 -23"><span class='ocrx_word' id='word_1_151' title='bbox 397 1967 640 2026; x_wconf 86' lang='lat' dir='ltr'><strong>caretur,</strong></span> <span class='ocrx_word' id='word_1_152' title='bbox 672 1975 866 2032; x_wconf 88' lang='lat' dir='ltr'><strong>parum</strong></span> <span class='ocrx_word' id='word_1_153' title='bbox 897 1963 1073 2019; x_wconf 81' lang='lat' dir='ltr'><strong>abfuit</strong></span> <span class='ocrx_word' id='word_1_154' title='bbox 1107 1967 1242 2035; x_wconf 89' lang='lat' dir='ltr'><strong>quin</strong></span> <span class='ocrx_word' id='word_1_155' title='bbox 1267 1983 1368 2023; x_wconf 85' lang='lat' dir='ltr'><strong>nos</strong></span> <span class='ocrx_word' id='word_1_156' title='bbox 1399 1968 1452 2022; x_wconf 91' lang='lat' dir='ltr'><strong>in</strong></span> <span class='ocrx_word' id='word_1_157' title='bbox 1475 1984 1667 2024; x_wconf 86' lang='lat' dir='ltr'><strong>eorum</strong></span> <span class='ocrx_word' id='word_1_158' title='bbox 1721 1973 1970 2028; x_wconf 83' lang='lat' dir='ltr'><strong>ordinem</strong></span> 
     </span>
    </p>
   </div>
   <div class='ocr_carea' id='block_1_25' title="bbox 2114 1963 3703 2044">
    <p class='ocr_par' dir='ltr' id='par_1_25' title="bbox 2114 1967 3703 2043">
     <span class='ocr_line' id='line_1_25' title="bbox 2114 1967 3703 2043; baseline -0.006 -18"><span class='ocrx_word' id='word_1_159' title='bbox 2114 1991 2182 2043; x_wconf 85' lang='grc' dir='ltr'><strong>ην</strong></span> <span class='ocrx_word' id='word_1_160' title='bbox 2214 1971 2290 2042; x_wconf 82' lang='grc' dir='ltr'>τῷ</span> <span class='ocrx_word' id='word_1_161' title='bbox 2327 1971 2612 2042; x_wconf 80' lang='grc' dir='ltr'><strong>πράγματι</strong></span> <span class='ocrx_word' id='word_1_162' title='bbox 2653 1970 3042 2040; x_wconf 86' lang='grc' dir='ltr'>παραιτήσοιτο</span> <span class='ocrx_word' id='word_1_163' title='bbox 3084 1971 3220 2038; x_wconf 78' lang='grc' dir='ltr'><strong>μετὰ</strong></span> <span class='ocrx_word' id='word_1_164' title='bbox 3265 1968 3382 2019; x_wconf 83' lang='grc' dir='ltr'><strong>τῶν</strong></span> <span class='ocrx_word' id='word_1_165' title='bbox 3425 1967 3703 2035; x_wconf 73' lang='grc' dir='ltr'>νεμεσὶ-</span> 
     </span>
    </p>
   </div>
   <div class='ocr_carea' id='block_1_26' title="bbox 396 2049 1976 2139">
    <p class='ocr_par' dir='ltr' id='par_1_26' title="bbox 396 2049 1971 2128">
     <span class='ocr_line' id='line_1_26' title="bbox 396 2049 1971 2128; baseline 0.011 -26"><span class='ocrx_word' id='word_1_166' title='bbox 396 2049 672 2120; x_wconf 86' lang='lat' dir='ltr'><strong>rcdigeret</strong></span> <span class='ocrx_word' id='word_1_167' title='bbox 698 2053 900 2122; x_wconf 85' lang='lat' dir='ltr'><strong>quibus</strong></span> <span class='ocrx_word' id='word_1_168' title='bbox 927 2056 1052 2125; x_wconf 85' lang='lat' dir='ltr'><strong>jure</strong></span> <span class='ocrx_word' id='word_1_169' title='bbox 1084 2057 1390 2128; x_wconf 90' lang='lat' dir='ltr'><strong>meritoque</strong></span> <span class='ocrx_word' id='word_1_170' title='bbox 1411 2071 1825 2118; x_wconf 63' lang='lat' dir='ltr'><strong>succenseatur.</strong></span> <span class='ocrx_word' id='word_1_171' title='bbox 1890 2065 1971 2120; x_wconf 78' lang='lat' dir='ltr'><strong>Ad</strong></span> 
     </span>
    </p>
   </div>
   <div class='ocr_carea' id='block_1_27' title="bbox 2114 2049 3698 2139">
    <p class='ocr_par' dir='ltr' id='par_1_27' title="bbox 2114 2056 3698 2130">
     <span class='ocr_line' id='line_1_27' title="bbox 2114 2056 3698 2130; baseline -0.006 -13"><span class='ocrx_word' id='word_1_172' title='bbox 2114 2065 2200 2117; x_wconf 89' lang='grc' dir='ltr'><strong>θαι</strong></span> <span class='ocrx_word' id='word_1_173' title='bbox 2229 2063 2450 2116; x_wconf 77' lang='grc' dir='ltr'>δικαίων</span> <span class='ocrx_word' id='word_1_174' title='bbox 2467 2063 2528 2114; x_wconf 77' lang='grc' dir='ltr'><strong>οὐ</strong></span> <span class='ocrx_word' id='word_1_175' title='bbox 2558 2060 2735 2130; x_wconf 79' lang='grc' dir='ltr'>πολλῷ</span> <span class='ocrx_word' id='word_1_176' title='bbox 2759 2060 2937 2130; x_wconf 82' lang='grc' dir='ltr'>δεήσει</span> <span class='ocrx_word' id='word_1_177' title='bbox 2963 2059 3057 2112; x_wconf 79' lang='grc' dir='ltr'>τοῦ</span> <span class='ocrx_word' id='word_1_178' title='bbox 3087 2061 3232 2130; x_wconf 83' lang='grc' dir='ltr'>ἡμᾶς</span> <span class='ocrx_word' id='word_1_179' title='bbox 3262 2060 3497 2127; x_wconf 78' lang='grc' dir='ltr'>στῆσαι.</span> <span class='ocrx_word' id='word_1_180' title='bbox 3535 2056 3698 2126; x_wconf 67' lang='grc' dir='ltr'>Πρὸς</span> 
     </span>
    </p>
   </div>
   <div class='ocr_carea' id='block_1_28' title="bbox 396 2141 1976 2225">
    <p class='ocr_par' dir='ltr' id='par_1_28' title="bbox 396 2141 1976 2219">
     <span class='ocr_line' id='line_1_28' title="bbox 396 2141 1976 2219; baseline 0.011 -27"><span class='ocrx_word' id='word_1_181' title='bbox 396 2141 679 2210; x_wconf 87' lang='lat' dir='ltr'><strong>quidnam.</strong></span> <span class='ocrx_word' id='word_1_182' title='bbox 728 2144 964 2202; x_wconf 83' lang='lat' dir='ltr'><strong>fortasse</strong></span> <span class='ocrx_word' id='word_1_183' title='bbox 1003 2164 1250 2217; x_wconf 68' lang='lat' dir='ltr'><strong>quaeres:</strong></span> <span class='ocrx_word' id='word_1_184' title='bbox 1286 2165 1480 2219; x_wconf 87' lang='lat' dir='ltr'><strong>nempe</strong></span> <span class='ocrx_word' id='word_1_185' title='bbox 1530 2151 1622 2216; x_wconf 89' lang='lat' dir='ltr'><strong>ad,</strong></span> <span class='ocrx_word' id='word_1_186' title='bbox 1663 2168 1787 2207; x_wconf 92' lang='lat' dir='ltr'><strong>cum</strong></span> <span class='ocrx_word' id='word_1_187' title='bbox 1823 2161 1976 2210; x_wconf 92' lang='lat' dir='ltr'><strong>tanto</strong></span> 
     </span>
    </p>
   </div>
   <div class='ocr_carea' id='block_1_29' title="bbox 2114 2141 3696 2225">
    <p class='ocr_par' dir='ltr' id='par_1_29' title="bbox 2114 2149 3696 2225">
     <span class='ocr_line' id='line_1_29' title="bbox 2114 2149 3696 2225; baseline -0.008 -15"><span class='ocrx_word' id='word_1_188' title='bbox 2114 2161 2250 2218; x_wconf 75' lang='grc' dir='ltr'>εοίον,</span> <span class='ocrx_word' id='word_1_189' title='bbox 2273 2156 2402 2218; x_wconf 79' lang='grc' dir='ltr'>ἴσως</span> <span class='ocrx_word' id='word_1_190' title='bbox 2420 2157 2584 2225; x_wconf 83' lang='grc' dir='ltr'>ὲρεῖς”</span> <span class='ocrx_word' id='word_1_191' title='bbox 2603 2153 2661 2206; x_wconf 75' lang='grc' dir='ltr'>τὸ</span> <span class='ocrx_word' id='word_1_192' title='bbox 2691 2152 2825 2223; x_wconf 75' lang='grc' dir='ltr'>πρὸς</span> <span class='ocrx_word' id='word_1_193' title='bbox 2844 2151 3156 2222; x_wconf 77' lang='grc' dir='ltr'>τηλικοῦτον</span> <span class='ocrx_word' id='word_1_194' title='bbox 3176 2149 3378 2220; x_wconf 82' lang='grc' dir='ltr'>ἄνδρα,</span> <span class='ocrx_word' id='word_1_195' title='bbox 3411 2149 3524 2219; x_wconf 68' lang='grc' dir='ltr'><strong>μού</strong></span> <span class='ocrx_word' id='word_1_196' title='bbox 3535 2164 3696 2208; x_wconf 69' lang='grc' dir='ltr'>παις,</span> 
     </span>
    </p>
   </div>
   <div class='ocr_carea' id='block_1_30' title="bbox 467 1045 1966 1124">
    <p class='ocr_par' dir='ltr' id='par_1_30' title="bbox 467 1045 1966 1124">
     <span class='ocr_line' id='line_1_30' title="bbox 467 1045 1966 1124; baseline 0.007 -24"><span class='ocrx_word' id='word_1_197' title='bbox 467 1045 948 1116; x_wconf 87' lang='lat' dir='ltr'><strong>Sapientissimum</strong></span> <span class='ocrx_word' id='word_1_198' title='bbox 970 1053 1261 1120; x_wconf 84' lang='lat' dir='ltr'><strong>scriptum,</strong></span> <span class='ocrx_word' id='word_1_199' title='bbox 1288 1070 1412 1107; x_wconf 90' lang='lat' dir='ltr'><strong>cum</strong></span> <span class='ocrx_word' id='word_1_200' title='bbox 1439 1056 1591 1109; x_wconf 88' lang='lat' dir='ltr'><strong>valde</strong></span> <span class='ocrx_word' id='word_1_201' title='bbox 1611 1056 1966 1124; x_wconf 87' lang='lat' dir='ltr'><strong>concinnum,</strong></span> 
     </span>
    </p>
   </div>
   <div class='ocr_carea' id='block_1_31' title="bbox 395 1139 1969 1216">
    <p class='ocr_par' dir='ltr' id='par_1_31' title="bbox 395 1139 1969 1216">
     <span class='ocr_line' id='line_1_31' title="bbox 395 1139 1969 1216; baseline 0.008 -26"><span class='ocrx_word' id='word_1_202' title='bbox 395 1145 510 1192; x_wconf 90' lang='lat' dir='ltr'><strong>tum</strong></span> <span class='ocrx_word' id='word_1_203' title='bbox 542 1139 698 1193; x_wconf 81' lang='lat' dir='ltr'><strong>valde</strong></span> <span class='ocrx_word' id='word_1_204' title='bbox 727 1140 909 1203; x_wconf 84' lang='lat' dir='ltr'><strong>breve,</strong></span> <span class='ocrx_word' id='word_1_205' title='bbox 952 1149 1046 1197; x_wconf 78' lang='lat' dir='ltr'><strong>sed</strong></span> <span class='ocrx_word' id='word_1_206' title='bbox 1077 1153 1130 1196; x_wconf 84' lang='lat' dir='ltr'><strong>et</strong></span> <span class='ocrx_word' id='word_1_207' title='bbox 1169 1145 1323 1199; x_wconf 90' lang='lat' dir='ltr'><strong>valde</strong></span> <span class='ocrx_word' id='word_1_208' title='bbox 1360 1154 1636 1215; x_wconf 86' lang='lat' dir='ltr'><strong>argutum,</strong></span> <span class='ocrx_word' id='word_1_209' title='bbox 1687 1149 1834 1216; x_wconf 88' lang='lat' dir='ltr'><strong>quod</strong></span> <span class='ocrx_word' id='word_1_210' title='bbox 1871 1149 1969 1205; x_wconf 89' lang='lat' dir='ltr'><strong>tibi</strong></span> 
     </span>
    </p>
   </div>
   <div class='ocr_carea' id='block_1_32' title="bbox 396 1229 1970 1302">
    <p class='ocr_par' dir='ltr' id='par_1_32' title="bbox 396 1229 1970 1302">
     <span class='ocr_line' id='line_1_32' title="bbox 396 1229 1970 1302; baseline 0.008 -21"><span class='ocrx_word' id='word_1_211' title='bbox 396 1229 623 1284; x_wconf 78' lang='lat' dir='ltr'><strong>mirifica</strong></span> <span class='ocrx_word' id='word_1_212' title='bbox 656 1247 810 1287; x_wconf 88' lang='lat' dir='ltr'><strong>meus</strong></span> <span class='ocrx_word' id='word_1_213' title='bbox 838 1235 1068 1302; x_wconf 86' lang='lat' dir='ltr'><strong>peperit,</strong></span> <span class='ocrx_word' id='word_1_214' title='bbox 1113 1235 1180 1289; x_wconf 90' lang='lat' dir='ltr'><strong>ad</strong></span> <span class='ocrx_word' id='word_1_215' title='bbox 1221 1251 1322 1291; x_wconf 88' lang='lat' dir='ltr'><strong>nos</strong></span> <span class='ocrx_word' id='word_1_216' title='bbox 1371 1236 1617 1292; x_wconf 87' lang='lat' dir='ltr'><strong>delatum</strong></span> <span class='ocrx_word' id='word_1_217' title='bbox 1677 1237 1970 1294; x_wconf 76' lang='lat' dir='ltr'><strong>delectavit</strong></span> 
     </span>
    </p>
   </div>
   <div class='ocr_carea' id='block_1_33' title="bbox 397 1323 1972 1402">
    <p class='ocr_par' dir='ltr' id='par_1_33' title="bbox 397 1323 1972 1402">
     <span class='ocr_line' id='line_1_33' title="bbox 397 1323 1972 1402; baseline 0.01 -29"><span class='ocrx_word' id='word_1_218' title='bbox 397 1323 654 1386; x_wconf 77' lang='lat' dir='ltr'><strong>maxime,</strong></span> <span class='ocrx_word' id='word_1_219' title='bbox 685 1325 1003 1395; x_wconf 87' lang='lat' dir='ltr'><strong>placuitque</strong></span> <span class='ocrx_word' id='word_1_220' title='bbox 1025 1327 1228 1396; x_wconf 76' lang='lat' dir='ltr'><strong>duplici</strong></span> <span class='ocrx_word' id='word_1_221' title='bbox 1260 1329 1423 1382; x_wconf 86' lang='lat' dir='ltr'><strong>simul</strong></span> <span class='ocrx_word' id='word_1_222' title='bbox 1453 1331 1703 1398; x_wconf 87' lang='lat' dir='ltr'><strong>nomine;</strong></span> <span class='ocrx_word' id='word_1_223' title='bbox 1735 1332 1882 1402; x_wconf 90' lang='lat' dir='ltr'><strong>quod</strong></span> <span class='ocrx_word' id='word_1_224' title='bbox 1915 1340 1972 1388; x_wconf 87' lang='lat' dir='ltr'><strong>et</strong></span> 
     </span>
    </p>
   </div>
   <div class='ocr_carea' id='block_1_34' title="bbox 395 1412 1968 1493">
    <p class='ocr_par' dir='ltr' id='par_1_34' title="bbox 395 1412 1968 1493">
     <span class='ocr_line' id='line_1_34' title="bbox 395 1412 1968 1493; baseline 0.008 -27"><span class='ocrx_word' id='word_1_225' title='bbox 395 1412 465 1466; x_wconf 87' lang='lat' dir='ltr'><strong>ab</strong></span> <span class='ocrx_word' id='word_1_226' title='bbox 503 1415 715 1483; x_wconf 90' lang='lat' dir='ltr'><strong>optimo</strong></span> <span class='ocrx_word' id='word_1_227' title='bbox 736 1417 1045 1488; x_wconf 84' lang='lat' dir='ltr'><strong>eodemque</strong></span> <span class='ocrx_word' id='word_1_228' title='bbox 1069 1419 1454 1474; x_wconf 74' lang='lat' dir='ltr'><strong>laudatissima</strong></span> <span class='ocrx_word' id='word_1_229' title='bbox 1489 1423 1700 1486; x_wconf 81' lang='lat' dir='ltr'><strong>sodale,</strong></span> <span class='ocrx_word' id='word_1_230' title='bbox 1737 1431 1792 1478; x_wconf 88' lang='lat' dir='ltr'><strong>et</strong></span> <span class='ocrx_word' id='word_1_231' title='bbox 1823 1425 1968 1493; x_wconf 88' lang='lat' dir='ltr'><strong>quod</strong></span> 
     </span>
    </p>
   </div>
   <div class='ocr_carea' id='block_1_35' title="bbox 394 1503 1972 1584">
    <p class='ocr_par' dir='ltr' id='par_1_35' title="bbox 394 1503 1972 1584">
     <span class='ocr_line' id='line_1_35' title="bbox 394 1503 1972 1584; baseline 0.009 -29"><span class='ocrx_word' id='word_1_232' title='bbox 394 1516 518 1556; x_wconf 91' lang='lat' dir='ltr'><strong>cum</strong></span> <span class='ocrx_word' id='word_1_233' title='bbox 545 1503 778 1572; x_wconf 88' lang='lat' dir='ltr'><strong>plurima</strong></span> <span class='ocrx_word' id='word_1_234' title='bbox 799 1507 1083 1560; x_wconf 91' lang='lat' dir='ltr'><strong>conditum</strong></span> <span class='ocrx_word' id='word_1_235' title='bbox 1120 1518 1360 1565; x_wconf 78' lang='lat' dir='ltr'><strong>exstaret</strong></span> <span class='ocrx_word' id='word_1_236' title='bbox 1391 1514 1587 1578; x_wconf 79' lang='lat' dir='ltr'><strong>gratia.</strong></span> <span class='ocrx_word' id='word_1_237' title='bbox 1621 1514 1762 1578; x_wconf 79' lang='lat' dir='ltr'><strong>Quin</strong></span> <span class='ocrx_word' id='word_1_238' title='bbox 1793 1521 1847 1568; x_wconf 91' lang='lat' dir='ltr'><strong>et</strong></span> <span class='ocrx_word' id='word_1_239' title='bbox 1880 1529 1972 1584; x_wconf 89' lang='lat' dir='ltr'><strong>pe-</strong></span> 
     </span>
    </p>
   </div>
   <div class='ocr_carea' id='block_1_36' title="bbox 395 1600 1971 1675">
    <p class='ocr_par' dir='ltr' id='par_1_36' title="bbox 395 1600 1971 1675">
     <span class='ocr_line' id='line_1_36' title="bbox 395 1600 1971 1675; baseline 0.008 -27"><span class='ocrx_word' id='word_1_240' title='bbox 395 1609 464 1650; x_wconf 89' lang='lat' dir='ltr'><strong>ne</strong></span> <span class='ocrx_word' id='word_1_241' title='bbox 489 1602 806 1664; x_wconf 75' lang='lat' dir='ltr'><strong>provocavit</strong></span> <span class='ocrx_word' id='word_1_242' title='bbox 829 1600 892 1654; x_wconf 88' lang='lat' dir='ltr'><strong>ad</strong></span> <span class='ocrx_word' id='word_1_243' title='bbox 915 1602 1060 1656; x_wconf 88' lang='lat' dir='ltr'><strong>aliud</strong></span> <span class='ocrx_word' id='word_1_244' title='bbox 1091 1602 1220 1670; x_wconf 90' lang='lat' dir='ltr'><strong>quid</strong></span> <span class='ocrx_word' id='word_1_245' title='bbox 1254 1605 1433 1672; x_wconf 84' lang='lat' dir='ltr'><strong>majus</strong></span> <span class='ocrx_word' id='word_1_246' title='bbox 1454 1607 1824 1675; x_wconf 85' lang='lat' dir='ltr'><strong>audaciusque</strong></span> <span class='ocrx_word' id='word_1_247' title='bbox 1854 1614 1971 1661; x_wconf 87' lang='lat' dir='ltr'><strong>ten-</strong></span> 
     </span>
    </p>
   </div>
   <div class='ocr_carea' id='block_1_37' title="bbox 394 1686 1968 1768">
    <p class='ocr_par' dir='ltr' id='par_1_37' title="bbox 394 1686 1968 1768">
     <span class='ocr_line' id='line_1_37' title="bbox 394 1686 1968 1768; baseline 0.009 -30"><span class='ocrx_word' id='word_1_248' title='bbox 394 1686 646 1752; x_wconf 83' lang='lat' dir='ltr'><strong>tandum,</strong></span> <span class='ocrx_word' id='word_1_249' title='bbox 681 1692 829 1759; x_wconf 91' lang='lat' dir='ltr'><strong>quod</strong></span> <span class='ocrx_word' id='word_1_250' title='bbox 872 1693 1078 1762; x_wconf 85' lang='lat' dir='ltr'><strong>utique.</strong></span> <span class='ocrx_word' id='word_1_251' title='bbox 1124 1694 1227 1748; x_wconf 89' lang='lat' dir='ltr'><strong>nisi</strong></span> <span class='ocrx_word' id='word_1_252' title='bbox 1256 1710 1409 1748; x_wconf 89' lang='lat' dir='ltr'><strong>amor</strong></span> <span class='ocrx_word' id='word_1_253' title='bbox 1431 1706 1606 1758; x_wconf 89' lang='lat' dir='ltr'><strong>vetus,</strong></span> <span class='ocrx_word' id='word_1_254' title='bbox 1638 1705 1828 1768; x_wconf 84' lang='lat' dir='ltr'><strong>utpote</strong></span> <span class='ocrx_word' id='word_1_255' title='bbox 1860 1699 1968 1753; x_wconf 90' lang='lat' dir='ltr'><strong>vim</strong></span> 
     </span>
    </p>
   </div>
   <div class='ocr_carea' id='block_1_38' title="bbox 395 1772 1970 1856">
    <p class='ocr_par' dir='ltr' id='par_1_38' title="bbox 395 1772 1970 1856">
     <span class='ocr_line' id='line_1_38' title="bbox 395 1772 1970 1856; baseline 0.01 -30"><span class='ocrx_word' id='word_1_256' title='bbox 395 1772 606 1831; x_wconf 88' lang='lat' dir='ltr'><strong>habens</strong></span> <span class='ocrx_word' id='word_1_257' title='bbox 647 1777 806 1848; x_wconf 91' lang='lat' dir='ltr'><strong>longe</strong></span> <span class='ocrx_word' id='word_1_258' title='bbox 845 1779 1040 1834; x_wconf 84' lang='lat' dir='ltr'><strong>dissita</strong></span> <span class='ocrx_word' id='word_1_259' title='bbox 1081 1782 1450 1854; x_wconf 82' lang='lat' dir='ltr'><strong>conjungeudi</strong></span> <span class='ocrx_word' id='word_1_260' title='bbox 1497 1786 1839 1856; x_wconf 88' lang='lat' dir='ltr'><strong>adversaque</strong></span> <span class='ocrx_word' id='word_1_261' title='bbox 1885 1789 1970 1841; x_wconf 84' lang='lat' dir='ltr'><strong>in-</strong></span> 
     </span>
    </p>
   </div>
   <div class='ocr_carea' id='block_1_39' title="bbox 395 2231 1976 2313">
    <p class='ocr_par' dir='ltr' id='par_1_39' title="bbox 395 2231 1976 2313">
     <span class='ocr_line' id='line_1_39' title="bbox 395 2231 1976 2313; baseline 0.012 -31"><span class='ocrx_word' id='word_1_262' title='bbox 395 2231 539 2295; x_wconf 86' lang='lat' dir='ltr'><strong>viro,</strong></span> <span class='ocrx_word' id='word_1_263' title='bbox 566 2231 709 2288; x_wconf 86' lang='lat' dir='ltr'><strong>haud</strong></span> <span class='ocrx_word' id='word_1_264' title='bbox 744 2237 862 2292; x_wconf 89' lang='lat' dir='ltr'><strong>scio</strong></span> <span class='ocrx_word' id='word_1_265' title='bbox 887 2251 954 2291; x_wconf 86' lang='lat' dir='ltr'><strong>an</strong></span> <span class='ocrx_word' id='word_1_266' title='bbox 1002 2255 1108 2293; x_wconf 91' lang='lat' dir='ltr'><strong>non</strong></span> <span class='ocrx_word' id='word_1_267' title='bbox 1144 2241 1376 2296; x_wconf 89' lang='lat' dir='ltr'><strong>interius</strong></span> <span class='ocrx_word' id='word_1_268' title='bbox 1408 2257 1570 2311; x_wconf 88' lang='lat' dir='ltr'><strong>quam</strong></span> <span class='ocrx_word' id='word_1_269' title='bbox 1630 2243 1808 2313; x_wconf 82' lang='lat' dir='ltr'><strong>quivis</strong></span> <span class='ocrx_word' id='word_1_270' title='bbox 1842 2246 1976 2301; x_wconf 86' lang='lat' dir='ltr'><strong>alter</strong></span> 
     </span>
    </p>
   </div>
   <div class='ocr_carea' id='block_1_40' title="bbox 2114 2231 3691 2313">
    <p class='ocr_par' dir='ltr' id='par_1_40' title="bbox 2114 2237 3691 2310">
     <span class='ocr_line' id='line_1_40' title="bbox 2114 2237 3691 2310; baseline -0.009 -10"><span class='ocrx_word' id='word_1_271' title='bbox 2114 2248 2178 2300; x_wconf 80' lang='grc' dir='ltr'><strong>ὺκ</strong></span> <span class='ocrx_word' id='word_1_272' title='bbox 2197 2242 2291 2299; x_wconf 78' lang='grc' dir='ltr'>οἷδ’</span> <span class='ocrx_word' id='word_1_273' title='bbox 2315 2245 2369 2297; x_wconf 74' lang='grc' dir='ltr'>εἷ</span> <span class='ocrx_word' id='word_1_274' title='bbox 2389 2262 2490 2306; x_wconf 82' lang='grc' dir='ltr'>τις,</span> <span class='ocrx_word' id='word_1_275' title='bbox 2515 2241 2892 2310; x_wconf 74' lang='grc' dir='ltr'>τετελεσμένον</span> <span class='ocrx_word' id='word_1_276' title='bbox 2923 2240 3014 2305; x_wconf 80' lang='grc' dir='ltr'>(ὃν</span> <span class='ocrx_word' id='word_1_277' title='bbox 3035 2239 3100 2292; x_wconf 83' lang='grc' dir='ltr'><strong>ἂν</strong></span> <span class='ocrx_word' id='word_1_278' title='bbox 3132 2237 3253 2291; x_wconf 82' lang='grc' dir='ltr'>ἰδὼν</span> <span class='ocrx_word' id='word_1_279' title='bbox 3280 2241 3360 2307; x_wconf 88' lang='grc' dir='ltr'>Δη</span> <span class='ocrx_word' id='word_1_280' title='bbox 3371 2237 3691 2308; x_wconf 82' lang='grc' dir='ltr'>μοσθένης,</span> 
     </span>
    </p>
   </div>
   <div class='ocr_carea' id='block_1_41' title="bbox 399 2325 1975 2400">
    <p class='ocr_par' dir='ltr' id='par_1_41' title="bbox 399 2325 1975 2400">
     <span class='ocr_line' id='line_1_41' title="bbox 399 2325 1975 2400; baseline 0.01 -25"><span class='ocrx_word' id='word_1_281' title='bbox 399 2330 574 2381; x_wconf 89' lang='lat' dir='ltr'><strong>musls</strong></span> <span class='ocrx_word' id='word_1_282' title='bbox 593 2325 806 2382; x_wconf 88' lang='lat' dir='ltr'><strong>initiato</strong></span> <span class='ocrx_word' id='word_1_283' title='bbox 823 2330 1004 2398; x_wconf 89' lang='lat' dir='ltr'><strong>(quem</strong></span> <span class='ocrx_word' id='word_1_284' title='bbox 1024 2332 1068 2385; x_wconf 90' lang='lat' dir='ltr'><strong>si</strong></span> <span class='ocrx_word' id='word_1_285' title='bbox 1089 2331 1268 2386; x_wconf 86' lang='lat' dir='ltr'><strong>videat</strong></span> <span class='ocrx_word' id='word_1_286' title='bbox 1285 2333 1674 2390; x_wconf 81' lang='lat' dir='ltr'><strong>Demosthenes</strong></span> <span class='ocrx_word' id='word_1_287' title='bbox 1696 2336 1835 2390; x_wconf 85' lang='lat' dir='ltr'><strong>inter</strong></span> <span class='ocrx_word' id='word_1_288' title='bbox 1853 2351 1975 2400; x_wconf 88' lang='lat' dir='ltr'><strong>nos,</strong></span> 
     </span>
    </p>
   </div>
   <div class='ocr_carea' id='block_1_42' title="bbox 400 2413 1976 2497">
    <p class='ocr_par' dir='ltr' id='par_1_42' title="bbox 400 2413 1976 2497">
     <span class='ocr_line' id='line_1_42' title="bbox 400 2413 1976 2497; baseline 0.009 -28"><span class='ocrx_word' id='word_1_289' title='bbox 400 2413 549 2470; x_wconf 76' lang='lat' dir='ltr'><strong>dicat</strong></span> <span class='ocrx_word' id='word_1_290' title='bbox 579 2417 834 2474; x_wconf 81' lang='lat' dir='ltr'><strong>Mercurii</strong></span> <span class='ocrx_word' id='word_1_291' title='bbox 865 2421 1083 2476; x_wconf 78' lang='lat' dir='ltr'><strong>facundi</strong></span> <span class='ocrx_word' id='word_1_292' title='bbox 1114 2424 1474 2479; x_wconf 89' lang='lat' dir='ltr'><strong>simulacrum</strong></span> <span class='ocrx_word' id='word_1_293' title='bbox 1503 2429 1573 2479; x_wconf 88' lang='lat' dir='ltr'><strong>ad</strong></span> <span class='ocrx_word' id='word_1_294' title='bbox 1612 2441 1714 2481; x_wconf 91' lang='lat' dir='ltr'><strong>nos</strong></span> <span class='ocrx_word' id='word_1_295' title='bbox 1744 2427 1976 2497; x_wconf 89' lang='lat' dir='ltr'><strong>venisse)</strong></span> 
     </span>
    </p>
   </div>
   <div class='ocr_carea' id='block_1_43' title="bbox 399 2513 1976 2578">
    <p class='ocr_par' dir='ltr' id='par_1_43' title="bbox 399 2513 1976 2578">
     <span class='ocr_line' id='line_1_43' title="bbox 399 2513 1976 2578; baseline 0.008 -16"><span class='ocrx_word' id='word_1_296' title='bbox 399 2513 866 2578; x_wconf 89' lang='lat' dir='ltr'><strong>comparationem</strong></span> <span class='ocrx_word' id='word_1_297' title='bbox 931 2524 988 2570; x_wconf 91' lang='lat' dir='ltr'><strong>et</strong></span> <span class='ocrx_word' id='word_1_298' title='bbox 1043 2519 1525 2572; x_wconf 86' lang='lat' dir='ltr'><strong>commutationem</strong></span> <span class='ocrx_word' id='word_1_299' title='bbox 1601 2520 1976 2574; x_wconf 86' lang='lat' dir='ltr'><strong>attentandam</strong></span> 
     </span>
    </p>
   </div>
   <div class='ocr_carea' id='block_1_44' title="bbox 399 2605 1976 2682">
    <p class='ocr_par' dir='ltr' id='par_1_44' title="bbox 399 2605 1976 2682">
     <span class='ocr_line' id='line_1_44' title="bbox 399 2605 1976 2682; baseline 0.008 -28"><span class='ocrx_word' id='word_1_300' title='bbox 399 2614 604 2658; x_wconf 76' lang='lat' dir='ltr'><strong>nostra:</strong></span> <span class='ocrx_word' id='word_1_301' title='bbox 638 2605 804 2674; x_wconf 86' lang='lat' dir='ltr'><strong>hujus</strong></span> <span class='ocrx_word' id='word_1_302' title='bbox 834 2623 997 2676; x_wconf 88' lang='lat' dir='ltr'><strong>quam</strong></span> <span class='ocrx_word' id='word_1_303' title='bbox 1025 2609 1178 2666; x_wconf 81' lang='lat' dir='ltr'><strong>vides</strong></span> <span class='ocrx_word' id='word_1_304' title='bbox 1212 2610 1433 2680; x_wconf 70' lang='lat' dir='ltr'><strong>linguae,</strong></span> <span class='ocrx_word' id='word_1_305' title='bbox 1463 2626 1565 2666; x_wconf 90' lang='lat' dir='ltr'><strong>nec</strong></span> <span class='ocrx_word' id='word_1_306' title='bbox 1607 2612 1734 2666; x_wconf 88' lang='lat' dir='ltr'><strong>olim</strong></span> <span class='ocrx_word' id='word_1_307' title='bbox 1781 2614 1976 2682; x_wconf 78' lang='lat' dir='ltr'><strong>exqui-</strong></span> 
     </span>
    </p>
   </div>
   <div class='ocr_carea' id='block_1_45' title="bbox 401 2691 1976 2770">
    <p class='ocr_par' dir='ltr' id='par_1_45' title="bbox 401 2691 1976 2770">
     <span class='ocr_line' id='line_1_45' title="bbox 401 2691 1976 2770; baseline 0.007 -25"><span class='ocrx_word' id='word_1_308' title='bbox 401 2691 611 2749; x_wconf 84' lang='lat' dir='ltr'><strong>sitioris</strong></span> <span class='ocrx_word' id='word_1_309' title='bbox 661 2696 947 2767; x_wconf 67' lang='lat' dir='ltr'><strong>elegantite</strong></span> <span class='ocrx_word' id='word_1_310' title='bbox 1001 2699 1083 2752; x_wconf 86' lang='lat' dir='ltr'><strong>vel</strong></span> <span class='ocrx_word' id='word_1_311' title='bbox 1148 2715 1242 2766; x_wconf 88' lang='lat' dir='ltr'><strong>per</strong></span> <span class='ocrx_word' id='word_1_312' title='bbox 1293 2700 1495 2755; x_wconf 92' lang='lat' dir='ltr'><strong>summi</strong></span> <span class='ocrx_word' id='word_1_313' title='bbox 1542 2701 1976 2770; x_wconf 84' lang='lat' dir='ltr'><strong>explorationem</strong></span> 
     </span>
    </p>
   </div>
   <div class='ocr_carea' id='block_1_46' title="bbox 399 2774 1978 2860">
    <p class='ocr_par' dir='ltr' id='par_1_46' title="bbox 399 2774 1978 2860">
     <span class='ocr_line' id='line_1_46' title="bbox 399 2774 1978 2860; baseline 0.004 -20"><span class='ocrx_word' id='word_1_314' title='bbox 399 2785 557 2856; x_wconf 78' lang='lat' dir='ltr'><strong>digiti</strong></span> <span class='ocrx_word' id='word_1_315' title='bbox 586 2797 752 2856; x_wconf 80' lang='lat' dir='ltr'><strong>gustu</strong></span> <span class='ocrx_word' id='word_1_316' title='bbox 782 2789 1023 2852; x_wconf 65' lang='lat' dir='ltr'><strong>imbutaa.</strong></span> <span class='ocrx_word' id='word_1_317' title='bbox 1060 2774 1116 2845; x_wconf 88' lang='lat' dir='ltr'><strong>et</strong></span> <span class='ocrx_word' id='word_1_318' title='bbox 1137 2805 1284 2845; x_wconf 91' lang='lat' dir='ltr'><strong>nunc</strong></span> <span class='ocrx_word' id='word_1_319' title='bbox 1313 2790 1468 2860; x_wconf 86' lang='lat' dir='ltr'><strong>longa</strong></span> <span class='ocrx_word' id='word_1_320' title='bbox 1497 2791 1854 2846; x_wconf 88' lang='lat' dir='ltr'><strong>rusticatione</strong></span> <span class='ocrx_word' id='word_1_321' title='bbox 1897 2793 1978 2846; x_wconf 84' lang='lat' dir='ltr'><strong>sic</strong></span> 
     </span>
    </p>
   </div>
   <div class='ocr_carea' id='block_1_47' title="bbox 401 2880 1977 2950">
    <p class='ocr_par' dir='ltr' id='par_1_47' title="bbox 401 2880 1977 2950">
     <span class='ocr_line' id='line_1_47' title="bbox 401 2880 1977 2950; baseline 0.001 -18"><span class='ocrx_word' id='word_1_322' title='bbox 401 2880 635 2946; x_wconf 85' lang='lat' dir='ltr'><strong>agrestis</strong></span> <span class='ocrx_word' id='word_1_323' title='bbox 685 2881 939 2944; x_wconf 65' lang='lat' dir='ltr'><strong>redditas,</strong></span> <span class='ocrx_word' id='word_1_324' title='bbox 979 2891 1040 2936; x_wconf 91' lang='lat' dir='ltr'><strong>ut</strong></span> <span class='ocrx_word' id='word_1_325' title='bbox 1085 2883 1173 2935; x_wconf 78' lang='lat' dir='ltr'><strong>vix</strong></span> <span class='ocrx_word' id='word_1_326' title='bbox 1229 2881 1368 2936; x_wconf 89' lang='lat' dir='ltr'><strong>sciat</strong></span> <span class='ocrx_word' id='word_1_327' title='bbox 1401 2881 1664 2950; x_wconf 82' lang='lat' dir='ltr'><strong>scapham</strong></span> <span class='ocrx_word' id='word_1_328' title='bbox 1718 2882 1977 2950; x_wconf 87' lang='lat' dir='ltr'><strong>scapham</strong></span> 
     </span>
    </p>
   </div>
   <div class='ocr_carea' id='block_1_48' title="bbox 401 2970 1976 3028">
    <p class='ocr_par' dir='ltr' id='par_1_48' title="bbox 401 2970 1976 3028">
     <span class='ocr_line' id='line_1_48' title="bbox 401 2970 1976 3028; baseline 0.001 -4"><span class='ocrx_word' id='word_1_329' title='bbox 401 2970 606 3025; x_wconf 89' lang='lat' dir='ltr'><strong>dicere.</strong></span> <span class='ocrx_word' id='word_1_330' title='bbox 635 2971 919 3028; x_wconf 87' lang='lat' dir='ltr'><strong>Conliteor</strong></span> <span class='ocrx_word' id='word_1_331' title='bbox 937 2976 1082 3028; x_wconf 90' lang='lat' dir='ltr'><strong>enim</strong></span> <span class='ocrx_word' id='word_1_332' title='bbox 1123 2973 1221 3028; x_wconf 88' lang='lat' dir='ltr'><strong>tibi</strong></span> <span class='ocrx_word' id='word_1_333' title='bbox 1252 2973 1442 3028; x_wconf 78' lang='lat' dir='ltr'><strong>vitium</strong></span> <span class='ocrx_word' id='word_1_334' title='bbox 1483 2973 1704 3026; x_wconf 90' lang='lat' dir='ltr'><strong>tacitum</strong></span> <span class='ocrx_word' id='word_1_335' title='bbox 1745 2980 1799 3026; x_wconf 84' lang='lat' dir='ltr'><strong>et</strong></span> <span class='ocrx_word' id='word_1_336' title='bbox 1838 2972 1976 3024; x_wconf 85' lang='lat' dir='ltr'><strong>clam</strong></span> 
     </span>
    </p>
   </div>
   <div class='ocr_carea' id='block_1_49' title="bbox 401 3061 1976 3132">
    <p class='ocr_par' dir='ltr' id='par_1_49' title="bbox 401 3061 1976 3132">
     <span class='ocr_line' id='line_1_49' title="bbox 401 3061 1976 3132; baseline 0.001 -18"><span class='ocrx_word' id='word_1_337' title='bbox 401 3061 457 3116; x_wconf 92' lang='lat' dir='ltr'><strong>in</strong></span> <span class='ocrx_word' id='word_1_338' title='bbox 501 3063 624 3118; x_wconf 91' lang='lat' dir='ltr'><strong>sinu</strong></span> <span class='ocrx_word' id='word_1_339' title='bbox 647 3065 916 3129; x_wconf 86' lang='lat' dir='ltr'><strong>habitum,</strong></span> <span class='ocrx_word' id='word_1_340' title='bbox 942 3081 1088 3121; x_wconf 91' lang='lat' dir='ltr'><strong>nunc</strong></span> <span class='ocrx_word' id='word_1_341' title='bbox 1115 3065 1188 3118; x_wconf 89' lang='lat' dir='ltr'><strong>ita</strong></span> <span class='ocrx_word' id='word_1_342' title='bbox 1223 3065 1565 3119; x_wconf 73' lang='lat' dir='ltr'><strong>invalesceus</strong></span> <span class='ocrx_word' id='word_1_343' title='bbox 1603 3063 1713 3116; x_wconf 79' lang='lat' dir='ltr'><strong>fato</strong></span> <span class='ocrx_word' id='word_1_344' title='bbox 1741 3063 1976 3132; x_wconf 86' lang='lat' dir='ltr'><strong>quodam</strong></span> 
     </span>
    </p>
   </div>
   <div class='ocr_carea' id='block_1_50' title="bbox 403 3155 1979 3225">
    <p class='ocr_par' dir='ltr' id='par_1_50' title="bbox 403 3155 1979 3225">
     <span class='ocr_line' id='line_1_50' title="bbox 403 3155 1979 3225; baseline 0.003 -19"><span class='ocrx_word' id='word_1_345' title='bbox 403 3168 548 3220; x_wconf 89' lang='lat' dir='ltr'><strong>meo,</strong></span> <span class='ocrx_word' id='word_1_346' title='bbox 587 3162 646 3210; x_wconf 89' lang='lat' dir='ltr'><strong>ut</strong></span> <span class='ocrx_word' id='word_1_347' title='bbox 681 3157 987 3225; x_wconf 88' lang='lat' dir='ltr'><strong>periculum</strong></span> <span class='ocrx_word' id='word_1_348' title='bbox 1017 3159 1089 3211; x_wconf 90' lang='lat' dir='ltr'><strong>sit</strong></span> <span class='ocrx_word' id='word_1_349' title='bbox 1121 3172 1189 3212; x_wconf 92' lang='lat' dir='ltr'><strong>ne</strong></span> <span class='ocrx_word' id='word_1_350' title='bbox 1220 3159 1274 3210; x_wconf 92' lang='lat' dir='ltr'><strong>in</strong></span> <span class='ocrx_word' id='word_1_351' title='bbox 1308 3156 1546 3211; x_wconf 89' lang='lat' dir='ltr'><strong>solidum</strong></span> <span class='ocrx_word' id='word_1_352' title='bbox 1579 3155 1686 3209; x_wconf 88' lang='lat' dir='ltr'><strong>mei</strong></span> <span class='ocrx_word' id='word_1_353' title='bbox 1716 3157 1979 3225; x_wconf 85' lang='lat' dir='ltr'><strong>deinceps</strong></span> 
     </span>
    </p>
   </div>
   <div class='ocr_carea' id='block_1_51' title="bbox 402 3243 1978 3318">
    <p class='ocr_par' dir='ltr' id='par_1_51' title="bbox 402 3243 1978 3318">
     <span class='ocr_line' id='line_1_51' title="bbox 402 3243 1978 3318; baseline 0.003 -21"><span class='ocrx_word' id='word_1_354' title='bbox 402 3243 736 3300; x_wconf 87' lang='lat' dir='ltr'><strong>dominetur.</strong></span> <span class='ocrx_word' id='word_1_355' title='bbox 776 3247 956 3304; x_wconf 88' lang='lat' dir='ltr'><strong>llabes</strong></span> <span class='ocrx_word' id='word_1_356' title='bbox 985 3247 1130 3313; x_wconf 79' lang='lat' dir='ltr'><strong>unde</strong></span> <span class='ocrx_word' id='word_1_357' title='bbox 1165 3248 1547 3318; x_wconf 85' lang='lat' dir='ltr'><strong>persuadearis</strong></span> <span class='ocrx_word' id='word_1_358' title='bbox 1582 3249 1829 3302; x_wconf 86' lang='lat' dir='ltr'><strong>miserari</strong></span> <span class='ocrx_word' id='word_1_359' title='bbox 1877 3262 1978 3302; x_wconf 89' lang='lat' dir='ltr'><strong>nos</strong></span> 
     </span>
    </p>
   </div>
   <div class='ocr_carea' id='block_1_52' title="bbox 402 3337 1978 3417">
    <p class='ocr_par' dir='ltr' id='par_1_52' title="bbox 402 3337 1978 3417">
     <span class='ocr_line' id='line_1_52' title="bbox 402 3337 1978 3417; baseline 0.003 -27"><span class='ocrx_word' id='word_1_360' title='bbox 402 3337 592 3404; x_wconf 89' lang='lat' dir='ltr'><strong>potius</strong></span> <span class='ocrx_word' id='word_1_361' title='bbox 617 3352 783 3406; x_wconf 88' lang='lat' dir='ltr'><strong>quam</strong></span> <span class='ocrx_word' id='word_1_362' title='bbox 809 3337 998 3417; x_wconf 79' lang='lat' dir='ltr'><strong>felices</strong></span> <span class='ocrx_word' id='word_1_363' title='bbox 1034 3341 1357 3410; x_wconf 63' lang='lat' dir='ltr'><strong>praedicare,</strong></span> <span class='ocrx_word' id='word_1_364' title='bbox 1386 3341 1584 3409; x_wconf 83' lang='lat' dir='ltr'><strong>quibus</strong></span> <span class='ocrx_word' id='word_1_365' title='bbox 1632 3357 1701 3394; x_wconf 89' lang='lat' dir='ltr'><strong>ne</strong></span> <span class='ocrx_word' id='word_1_366' title='bbox 1733 3342 1978 3410; x_wconf 82' lang='lat' dir='ltr'><strong>contige-</strong></span> 
     </span>
    </p>
   </div>
   <div class='ocr_carea' id='block_1_53' title="bbox 2083 2328 3693 2409">
    <p class='ocr_par' dir='ltr' id='par_1_53' title="bbox 2083 2328 3693 2409">
     <span class='ocr_line' id='line_1_53' title="bbox 2083 2328 3693 2409; baseline -0.007 -18"><span class='ocrx_word' id='word_1_367' title='bbox 2083 2339 2199 2409; x_wconf 84' lang='grc' dir='ltr'>μεθ’</span> <span class='ocrx_word' id='word_1_368' title='bbox 2231 2337 2389 2409; x_wconf 84' lang='grc' dir='ltr'>ήμῶν</span> <span class='ocrx_word' id='word_1_369' title='bbox 2423 2333 2592 2398; x_wconf 81' lang='grc' dir='ltr'>εἶπεν,</span> <span class='ocrx_word' id='word_1_370' title='bbox 2654 2332 2853 2404; x_wconf 84' lang='grc' dir='ltr'><strong>Ἐρμοῦ</strong></span> <span class='ocrx_word' id='word_1_371' title='bbox 2897 2332 3076 2400; x_wconf 86' lang='grc' dir='ltr'>λογίου</span> <span class='ocrx_word' id='word_1_372' title='bbox 3113 2331 3284 2382; x_wconf 76' lang='grc' dir='ltr'>τύπον</span> <span class='ocrx_word' id='word_1_373' title='bbox 3321 2332 3414 2393; x_wconf 74' lang='grc' dir='ltr'><strong>εἰς</strong></span> <span class='ocrx_word' id='word_1_374' title='bbox 3456 2328 3693 2398; x_wconf 80' lang='grc' dir='ltr'>ἀνθρώ-</span> 
     </span>
    </p>
   </div>
   <div class='ocr_carea' id='block_1_54' title="bbox 2080 2419 3691 2502">
    <p class='ocr_par' dir='ltr' id='par_1_54' title="bbox 2080 2419 3691 2502">
     <span class='ocr_line' id='line_1_54' title="bbox 2080 2419 3691 2502; baseline -0.009 -17"><span class='ocrx_word' id='word_1_375' title='bbox 2080 2449 2214 2494; x_wconf 84' lang='grc' dir='ltr'>πους</span> <span class='ocrx_word' id='word_1_376' title='bbox 2242 2431 2432 2502; x_wconf 76' lang='grc' dir='ltr'>ἥκειν)</span> <span class='ocrx_word' id='word_1_377' title='bbox 2459 2428 2702 2496; x_wconf 84' lang='grc' dir='ltr'>γλῶτταν</span> <span class='ocrx_word' id='word_1_378' title='bbox 2731 2426 2805 2488; x_wconf 86' lang='grc' dir='ltr'>ὡς</span> <span class='ocrx_word' id='word_1_379' title='bbox 2834 2426 2962 2494; x_wconf 76' lang='grc' dir='ltr'>ὁρᾷς</span> <span class='ocrx_word' id='word_1_380' title='bbox 2991 2423 3298 2477; x_wconf 77' lang='grc' dir='ltr'>ἀντιδοῦναι</span> <span class='ocrx_word' id='word_1_381' title='bbox 3328 2421 3441 2491; x_wconf 73' lang='grc' dir='ltr'>τὴν</span> <span class='ocrx_word' id='word_1_382' title='bbox 3471 2419 3691 2490; x_wconf 75' lang='grc' dir='ltr'>ἡμετέ-</span> 
     </span>
    </p>
   </div>
   <div class='ocr_carea' id='block_1_55' title="bbox 2083 2512 3692 2594">
    <p class='ocr_par' dir='ltr' id='par_1_55' title="bbox 2083 2512 3692 2594">
     <span class='ocr_line' id='line_1_55' title="bbox 2083 2512 3692 2594; baseline -0.008 -18"><span class='ocrx_word' id='word_1_383' title='bbox 2083 2541 2203 2594; x_wconf 87' lang='grc' dir='ltr'>ραν,</span> <span class='ocrx_word' id='word_1_384' title='bbox 2230 2523 2328 2592; x_wconf 86' lang='grc' dir='ltr'>τὴν</span> <span class='ocrx_word' id='word_1_385' title='bbox 2355 2521 2519 2574; x_wconf 88' lang='grc' dir='ltr'>πάλαι</span> <span class='ocrx_word' id='word_1_386' title='bbox 2557 2521 2654 2588; x_wconf 81' lang='grc' dir='ltr'><strong>μὲν</strong></span> <span class='ocrx_word' id='word_1_387' title='bbox 2681 2517 2788 2570; x_wconf 73' lang='grc' dir='ltr'>οὐδ’</span> <span class='ocrx_word' id='word_1_388' title='bbox 2817 2517 2970 2587; x_wconf 75' lang='grc' dir='ltr'>ἄκρῳ</span> <span class='ocrx_word' id='word_1_389' title='bbox 2993 2514 3196 2583; x_wconf 82' lang='grc' dir='ltr'>λιχανῷ</span> <span class='ocrx_word' id='word_1_390' title='bbox 3219 2512 3320 2565; x_wconf 77' lang='grc' dir='ltr'><strong>τοῦ</strong></span> <span class='ocrx_word' id='word_1_391' title='bbox 3349 2514 3692 2583; x_wconf 74' lang='grc' dir='ltr'>κρείττονος</span> 
     </span>
    </p>
   </div>
   <div class='ocr_carea' id='block_1_56' title="bbox 2083 2603 3692 2682">
    <p class='ocr_par' dir='ltr' id='par_1_56' title="bbox 2083 2603 3692 2682">
     <span class='ocr_line' id='line_1_56' title="bbox 2083 2603 3692 2682; baseline -0.013 -16"><span class='ocrx_word' id='word_1_392' title='bbox 2083 2611 2477 2682; x_wconf 73' lang='grc' dir='ltr'>μετασχοῦσαν,</span> <span class='ocrx_word' id='word_1_393' title='bbox 2500 2609 2594 2662; x_wconf 76' lang='grc' dir='ltr'>νῦν</span> <span class='ocrx_word' id='word_1_394' title='bbox 2615 2608 2672 2660; x_wconf 77' lang='grc' dir='ltr'>δὲ</span> <span class='ocrx_word' id='word_1_395' title='bbox 2698 2607 2786 2660; x_wconf 75' lang='grc' dir='ltr'><strong>καὶ</strong></span> <span class='ocrx_word' id='word_1_396' title='bbox 2804 2607 2924 2659; x_wconf 84' lang='grc' dir='ltr'>λίαν</span> <span class='ocrx_word' id='word_1_397' title='bbox 2949 2603 3413 2674; x_wconf 79' lang='grc' dir='ltr'>ὴγροικισμένην,</span> <span class='ocrx_word' id='word_1_398' title='bbox 3447 2603 3485 2672; x_wconf 79' lang='grc' dir='ltr'>ἦ</span> <span class='ocrx_word' id='word_1_399' title='bbox 3513 2603 3692 2671; x_wconf 73' lang='grc' dir='ltr'>μόγις</span> 
     </span>
    </p>
   </div>
   <div class='ocr_carea' id='block_1_57' title="bbox 2080 2693 3691 2768">
    <p class='ocr_par' dir='ltr' id='par_1_57' title="bbox 2080 2693 3691 2768">
     <span class='ocr_line' id='line_1_57' title="bbox 2080 2693 3691 2768; baseline -0.009 -12"><span class='ocrx_word' id='word_1_400' title='bbox 2080 2703 2145 2756; x_wconf 81' lang='grc' dir='ltr'><strong>ἂν</strong></span> <span class='ocrx_word' id='word_1_401' title='bbox 2181 2698 2289 2756; x_wconf 81' lang='grc' dir='ltr'>οἶδε</span> <span class='ocrx_word' id='word_1_402' title='bbox 2331 2702 2426 2756; x_wconf 76' lang='grc' dir='ltr'><strong>καὶ</strong></span> <span class='ocrx_word' id='word_1_403' title='bbox 2452 2703 2550 2768; x_wconf 80' lang='grc' dir='ltr'>τὴν</span> <span class='ocrx_word' id='word_1_404' title='bbox 2589 2700 2801 2768; x_wconf 81' lang='grc' dir='ltr'>σκάφην</span> <span class='ocrx_word' id='word_1_405' title='bbox 2857 2697 3071 2764; x_wconf 70' lang='grc' dir='ltr'>σκάφην</span> <span class='ocrx_word' id='word_1_406' title='bbox 3115 2694 3318 2762; x_wconf 85' lang='grc' dir='ltr'>λέγειν.</span> <span class='ocrx_word' id='word_1_407' title='bbox 3356 2693 3691 2760; x_wconf 79' lang='grc' dir='ltr'>Κοινοῦμαι</span> 
     </span>
    </p>
   </div>
   <div class='ocr_carea' id='block_1_58' title="bbox 2080 2779 3691 2866">
    <p class='ocr_par' dir='ltr' id='par_1_58' title="bbox 2080 2779 3691 2866">
     <span class='ocr_line' id='line_1_58' title="bbox 2080 2779 3691 2866; baseline -0.013 -15"><span class='ocrx_word' id='word_1_408' title='bbox 2080 2798 2186 2866; x_wconf 83' lang='grc' dir='ltr'><strong>γάρ</strong></span> <span class='ocrx_word' id='word_1_409' title='bbox 2213 2813 2294 2848; x_wconf 84' lang='grc' dir='ltr'><strong>σοι</strong></span> <span class='ocrx_word' id='word_1_410' title='bbox 2321 2797 2414 2849; x_wconf 69' lang='grc' dir='ltr'><strong>καὶ</strong></span> <span class='ocrx_word' id='word_1_411' title='bbox 2442 2795 2605 2855; x_wconf 80' lang='grc' dir='ltr'>πάθος</span> <span class='ocrx_word' id='word_1_412' title='bbox 2642 2791 3070 2862; x_wconf 80' lang='grc' dir='ltr'>ἐχεμυθούμενον</span> <span class='ocrx_word' id='word_1_413' title='bbox 3102 2788 3246 2848; x_wconf 78' lang='grc' dir='ltr'>ἰδίως</span> <span class='ocrx_word' id='word_1_414' title='bbox 3288 2785 3422 2854; x_wconf 75' lang='grc' dir='ltr'>ἐμοὶ</span> <span class='ocrx_word' id='word_1_415' title='bbox 3452 2783 3548 2835; x_wconf 85' lang='grc' dir='ltr'><strong>καί</strong></span> <span class='ocrx_word' id='word_1_416' title='bbox 3582 2779 3691 2832; x_wconf 80' lang='grc' dir='ltr'>νῦν</span> 
     </span>
    </p>
   </div>
   <div class='ocr_carea' id='block_1_59' title="bbox 2083 2871 3686 2956">
    <p class='ocr_par' dir='ltr' id='par_1_59' title="bbox 2083 2871 3686 2956">
     <span class='ocr_line' id='line_1_59' title="bbox 2083 2871 3686 2956; baseline -0.011 -17"><span class='ocrx_word' id='word_1_417' title='bbox 2083 2888 2283 2956; x_wconf 78' lang='grc' dir='ltr'>μᾶλλον</span> <span class='ocrx_word' id='word_1_418' title='bbox 2301 2886 2442 2938; x_wconf 77' lang='grc' dir='ltr'>οὕτω</span> <span class='ocrx_word' id='word_1_419' title='bbox 2469 2885 2772 2938; x_wconf 74' lang='grc' dir='ltr'>κινδυνεῦον</span> <span class='ocrx_word' id='word_1_420' title='bbox 2794 2884 2981 2952; x_wconf 83' lang='grc' dir='ltr'>κύριον</span> <span class='ocrx_word' id='word_1_421' title='bbox 2996 2881 3068 2942; x_wconf 78' lang='grc' dir='ltr'>ὡς</span> <span class='ocrx_word' id='word_1_422' title='bbox 3093 2878 3325 2948; x_wconf 75' lang='grc' dir='ltr'>εἵμαρτο</span> <span class='ocrx_word' id='word_1_423' title='bbox 3351 2871 3686 2942; x_wconf 74' lang='grc' dir='ltr'>γίγνεσθαι.</span> 
     </span>
    </p>
   </div>
   <div class='ocr_carea' id='block_1_60' title="bbox 2079 2965 3694 3044">
    <p class='ocr_par' dir='ltr' id='par_1_60' title="bbox 2079 2965 3694 3044">
     <span class='ocr_line' id='line_1_60' title="bbox 2079 2965 3694 3044; baseline -0.009 -12"><span class='ocrx_word' id='word_1_424' title='bbox 2079 2979 2248 3033; x_wconf 80' lang='grc' dir='ltr'>Τοῦτό</span> <span class='ocrx_word' id='word_1_425' title='bbox 2289 2995 2370 3030; x_wconf 92' lang='grc' dir='ltr'><strong>σοι</strong></span> <span class='ocrx_word' id='word_1_426' title='bbox 2409 2977 2502 3030; x_wconf 66' lang='grc' dir='ltr'><strong>καὶ</strong></span> <span class='ocrx_word' id='word_1_427' title='bbox 2525 2975 2827 3038; x_wconf 78' lang='grc' dir='ltr'>ταλανίζειν</span> <span class='ocrx_word' id='word_1_428' title='bbox 2853 2975 2997 3044; x_wconf 80' lang='grc' dir='ltr'>ἡμᾶς</span> <span class='ocrx_word' id='word_1_429' title='bbox 3026 2973 3240 3034; x_wconf 78' lang='grc' dir='ltr'>αὐτοὺς,</span> <span class='ocrx_word' id='word_1_430' title='bbox 3275 2968 3397 3022; x_wconf 82' lang='grc' dir='ltr'>ἀλλ’</span> <span class='ocrx_word' id='word_1_431' title='bbox 3441 2969 3551 3020; x_wconf 81' lang='grc' dir='ltr'><strong>οὐκ</strong></span> <span class='ocrx_word' id='word_1_432' title='bbox 3586 2965 3694 3018; x_wconf 78' lang='grc' dir='ltr'>εὑ·</span> 
     </span>
    </p>
   </div>
   <div class='ocr_carea' id='block_1_61' title="bbox 2079 3055 3692 3141">
    <p class='ocr_par' dir='ltr' id='par_1_61' title="bbox 2079 3055 3692 3141">
     <span class='ocr_line' id='line_1_61' title="bbox 2079 3055 3692 3141; baseline -0.01 -17"><span class='ocrx_word' id='word_1_433' title='bbox 2079 3069 2406 3141; x_wconf 81' lang='grc' dir='ltr'>δαιμονίζειν</span> <span class='ocrx_word' id='word_1_434' title='bbox 2427 3068 2632 3133; x_wconf 81' lang='grc' dir='ltr'>πεῖθον,</span> <span class='ocrx_word' id='word_1_435' title='bbox 2658 3064 2736 3131; x_wconf 74' lang='grc' dir='ltr'>οἷς</span> <span class='ocrx_word' id='word_1_436' title='bbox 2762 3066 2880 3119; x_wconf 82' lang='grc' dir='ltr'>οὐδὲ</span> <span class='ocrx_word' id='word_1_437' title='bbox 2907 3063 3168 3134; x_wconf 78' lang='grc' dir='ltr'>συμμίξαι</span> <span class='ocrx_word' id='word_1_438' title='bbox 3199 3079 3280 3129; x_wconf 86' lang='grc' dir='ltr'>τῳ</span> <span class='ocrx_word' id='word_1_439' title='bbox 3312 3060 3525 3127; x_wconf 79' lang='grc' dir='ltr'>γέγονε</span> <span class='ocrx_word' id='word_1_440' title='bbox 3554 3055 3692 3124; x_wconf 73' lang='grc' dir='ltr'><strong>βε).-</strong></span> 
     </span>
    </p>
   </div>
   <div class='ocr_carea' id='block_1_62' title="bbox 2078 3148 3696 3232">
    <p class='ocr_par' dir='ltr' id='par_1_62' title="bbox 2078 3148 3696 3232">
     <span class='ocr_line' id='line_1_62' title="bbox 2078 3148 3696 3232; baseline -0.009 -18"><span class='ocrx_word' id='word_1_441' title='bbox 2078 3162 2267 3232; x_wconf 83' lang='grc' dir='ltr'>τιστης</span> <span class='ocrx_word' id='word_1_442' title='bbox 2305 3159 2417 3213; x_wconf 78' lang='grc' dir='ltr'>ὄντι</span> <span class='ocrx_word' id='word_1_443' title='bbox 2453 3161 2646 3231; x_wconf 83' lang='grc' dir='ltr'>μοίρας</span> <span class='ocrx_word' id='word_1_444' title='bbox 2680 3158 2846 3228; x_wconf 80' lang='grc' dir='ltr'>ὁποίῳ</span> <span class='ocrx_word' id='word_1_445' title='bbox 2878 3156 2960 3210; x_wconf 76' lang='grc' dir='ltr'><strong>σοὶ</strong></span> <span class='ocrx_word' id='word_1_446' title='bbox 2987 3156 3108 3226; x_wconf 79' lang='grc' dir='ltr'>(ἵνα</span> <span class='ocrx_word' id='word_1_447' title='bbox 3141 3152 3302 3223; x_wconf 79' lang='grc' dir='ltr'>ἡμῶν</span> <span class='ocrx_word' id='word_1_448' title='bbox 3326 3168 3382 3202; x_wconf 89' lang='grc' dir='ltr'><strong>τι</strong></span> <span class='ocrx_word' id='word_1_449' title='bbox 3418 3150 3526 3202; x_wconf 75' lang='grc' dir='ltr'><strong>τοῦ</strong></span> <span class='ocrx_word' id='word_1_450' title='bbox 3555 3148 3696 3217; x_wconf 78' lang='grc' dir='ltr'>βαρ-</span> 
     </span>
    </p>
   </div>
   <div class='ocr_carea' id='block_1_63' title="bbox 2081 3235 3690 3323">
    <p class='ocr_par' dir='ltr' id='par_1_63' title="bbox 2081 3235 3690 3323">
     <span class='ocr_line' id='line_1_63' title="bbox 2081 3235 3690 3323; baseline -0.011 -19"><span class='ocrx_word' id='word_1_451' title='bbox 2081 3252 2251 3323; x_wconf 76' lang='grc' dir='ltr'>ϐάρου</span> <span class='ocrx_word' id='word_1_452' title='bbox 2308 3252 2508 3322; x_wconf 83' lang='grc' dir='ltr'>μέρους</span> <span class='ocrx_word' id='word_1_453' title='bbox 2563 3248 2810 3302; x_wconf 76' lang='grc' dir='ltr'>ἐντεῦθεν</span> <span class='ocrx_word' id='word_1_454' title='bbox 2849 3247 3008 3316; x_wconf 80' lang='grc' dir='ltr'>τυχὸν</span> <span class='ocrx_word' id='word_1_455' title='bbox 3057 3240 3538 3310; x_wconf 77' lang='grc' dir='ltr'>ἀποσμιλευθείη,</span> <span class='ocrx_word' id='word_1_456' title='bbox 3587 3235 3690 3290; x_wconf 73' lang='grc' dir='ltr'><strong>καὶ</strong></span> 
     </span>
    </p>
   </div>
   <div class='ocr_carea' id='block_1_64' title="bbox 2080 3327 3694 3410">
    <p class='ocr_par' dir='ltr' id='par_1_64' title="bbox 2080 3327 3694 3410">
     <span class='ocr_line' id='line_1_64' title="bbox 2080 3327 3694 3410; baseline -0.011 -16"><span class='ocrx_word' id='word_1_457' title='bbox 2080 3340 2222 3395; x_wconf 76' lang='grc' dir='ltr'>οὕτω</span> <span class='ocrx_word' id='word_1_458' title='bbox 2274 3340 2370 3393; x_wconf 79' lang='grc' dir='ltr'>τοῦ</span> <span class='ocrx_word' id='word_1_459' title='bbox 2423 3339 2631 3410; x_wconf 77' lang='grc' dir='ltr'>μακροῦ</span> <span class='ocrx_word' id='word_1_460' title='bbox 2677 3338 2881 3408; x_wconf 85' lang='grc' dir='ltr'>γράσου</span> <span class='ocrx_word' id='word_1_461' title='bbox 2924 3335 2992 3387; x_wconf 78' lang='grc' dir='ltr'>τὰ</span> <span class='ocrx_word' id='word_1_462' title='bbox 3038 3333 3190 3404; x_wconf 58' lang='grc' dir='ltr'>ἡμῶν</span> <span class='ocrx_word' id='word_1_463' title='bbox 3236 3330 3482 3398; x_wconf 80' lang='grc' dir='ltr'>ἐκσταίη</span> <span class='ocrx_word' id='word_1_464' title='bbox 3541 3327 3694 3381; x_wconf 71' lang='grc' dir='ltr'>κατὰ</span> 
     </span>
    </p>
   </div>
   <div class='ocr_carea' id='block_1_65' title="bbox 404 3408 1976 3504">
    <p class='ocr_par' dir='ltr' id='par_1_65' title="bbox 404 3408 1976 3500">
     <span class='ocr_line' id='line_1_65' title="bbox 404 3408 1976 3500; baseline 0.004 -22"><span class='ocrx_word' id='word_1_465' title='bbox 404 3425 478 3478; x_wconf 89' lang='lat' dir='ltr'><strong>rit</strong></span> <span class='ocrx_word' id='word_1_466' title='bbox 507 3426 726 3496; x_wconf 90' lang='lat' dir='ltr'><strong>quidem</strong></span> <span class='ocrx_word' id='word_1_467' title='bbox 752 3443 874 3484; x_wconf 90' lang='lat' dir='ltr'><strong>eum</strong></span> <span class='ocrx_word' id='word_1_468' title='bbox 905 3408 1180 3498; x_wconf 82' lang='lat' dir='ltr'><strong>quoquam</strong></span> <span class='ocrx_word' id='word_1_469' title='bbox 1211 3445 1276 3484; x_wconf 78' lang='lat' dir='ltr'><strong>ex</strong></span> <span class='ocrx_word' id='word_1_470' title='bbox 1304 3408 1510 3499; x_wconf 88' lang='lat' dir='ltr'><strong>optimo</strong></span> <span class='ocrx_word' id='word_1_471' title='bbox 1537 3431 1632 3483; x_wconf 91' lang='lat' dir='ltr'><strong>illo</strong></span> <span class='ocrx_word' id='word_1_472' title='bbox 1671 3438 1862 3486; x_wconf 84' lang='lat' dir='ltr'><strong>vestro</strong></span> <span class='ocrx_word' id='word_1_473' title='bbox 1889 3408 1976 3500; x_wconf 78' lang='lat' dir='ltr'><strong>ge-</strong></span> 
     </span>
    </p>
   </div>
   <div class='ocr_carea' id='block_1_66' title="bbox 2114 3408 3691 3504">
    <p class='ocr_par' dir='ltr' id='par_1_66' title="bbox 2120 3421 3691 3504">
     <span class='ocr_line' id='line_1_66' title="bbox 2120 3421 3691 3504; baseline -0.011 -17"><span class='ocrx_word' id='word_1_474' title='bbox 2120 3432 2292 3504; x_wconf 81' lang='grc' dir='ltr'>ραχὺ)</span> <span class='ocrx_word' id='word_1_475' title='bbox 2323 3431 2417 3485; x_wconf 82' lang='grc' dir='ltr'>νῦν</span> <span class='ocrx_word' id='word_1_476' title='bbox 2455 3433 2534 3484; x_wconf 83' lang='grc' dir='ltr'>ὅτι</span> <span class='ocrx_word' id='word_1_477' title='bbox 2577 3431 2649 3500; x_wconf 82' lang='grc' dir='ltr'>μὴ</span> <span class='ocrx_word' id='word_1_478' title='bbox 2692 3430 2833 3481; x_wconf 86' lang='grc' dir='ltr'><strong>κατὰ</strong></span> <span class='ocrx_word' id='word_1_479' title='bbox 2875 3427 3061 3496; x_wconf 79' lang='grc' dir='ltr'>καιρόν</span> <span class='ocrx_word' id='word_1_480' title='bbox 3102 3441 3182 3476; x_wconf 83' lang='grc' dir='ltr'><strong>σοι</strong></span> <span class='ocrx_word' id='word_1_481' title='bbox 3224 3422 3284 3472; x_wconf 81' lang='grc' dir='ltr'><strong>τὸ</strong></span> <span class='ocrx_word' id='word_1_482' title='bbox 3323 3421 3691 3490; x_wconf 77' lang='grc' dir='ltr'>ζητούμενον</span> 
     </span>
    </p>
   </div>
   <div class='ocr_carea' id='block_1_67' title="bbox 405 3511 1976 3594">
    <p class='ocr_par' dir='ltr' id='par_1_67' title="bbox 405 3517 1976 3590">
     <span class='ocr_line' id='line_1_67' title="bbox 405 3517 1976 3590; baseline 0.003 -21"><span class='ocrx_word' id='word_1_483' title='bbox 405 3531 537 3572; x_wconf 89' lang='lat' dir='ltr'><strong>nere</strong></span> <span class='ocrx_word' id='word_1_484' title='bbox 559 3532 625 3572; x_wconf 90' lang='lat' dir='ltr'><strong>ac</strong></span> <span class='ocrx_word' id='word_1_485' title='bbox 651 3517 847 3574; x_wconf 86' lang='lat' dir='ltr'><strong>ordine</strong></span> <span class='ocrx_word' id='word_1_486' title='bbox 888 3519 1350 3589; x_wconf 87' lang='lat' dir='ltr'><strong>politissimorum</strong></span> <span class='ocrx_word' id='word_1_487' title='bbox 1384 3522 1665 3590; x_wconf 85' lang='lat' dir='ltr'><strong>congredi,</strong></span> <span class='ocrx_word' id='word_1_488' title='bbox 1688 3521 1849 3590; x_wconf 87' lang='lat' dir='ltr'><strong>cujus</strong></span> <span class='ocrx_word' id='word_1_489' title='bbox 1876 3537 1976 3575; x_wconf 87' lang='lat' dir='ltr'><strong>usu</strong></span> 
     </span>
    </p>
   </div>
   <div class='ocr_carea' id='block_1_68' title="bbox 2114 3511 3688 3594">
    <p class='ocr_par' dir='ltr' id='par_1_68' title="bbox 2114 3511 3688 3594">
     <span class='ocr_line' id='line_1_68' title="bbox 2114 3511 3688 3594; baseline -0.01 -16"><span class='ocrx_word' id='word_1_490' title='bbox 2114 3525 2340 3594; x_wconf 70' lang='grc' dir='ltr'>νεφάνη,</span> <span class='ocrx_word' id='word_1_491' title='bbox 2377 3523 2572 3592; x_wconf 76' lang='grc' dir='ltr'>μᾶλλον</span> <span class='ocrx_word' id='word_1_492' title='bbox 2594 3520 2687 3572; x_wconf 81' lang='grc' dir='ltr'>τοῦ</span> <span class='ocrx_word' id='word_1_493' title='bbox 2718 3517 2978 3587; x_wconf 88' lang='grc' dir='ltr'>προτέρου</span> <span class='ocrx_word' id='word_1_494' title='bbox 2999 3513 3307 3574; x_wconf 79' lang='grc' dir='ltr'>ταλανὶζειν</span> <span class='ocrx_word' id='word_1_495' title='bbox 3334 3511 3688 3582; x_wconf 77' lang='grc' dir='ltr'>παρέχεται.</span> 
     </span>
    </p>
   </div>
   <div class='ocr_carea' id='block_1_69' title="bbox 406 3609 1984 3677">
    <p class='ocr_par' dir='ltr' id='par_1_69' title="bbox 406 3609 1984 3677">
     <span class='ocr_line' id='line_1_69' title="bbox 406 3609 1984 3677; baseline 0.001 -15"><span class='ocrx_word' id='word_1_496' title='bbox 406 3609 714 3677; x_wconf 84' lang='lat' dir='ltr'><strong>attrituque</strong></span> <span class='ocrx_word' id='word_1_497' title='bbox 773 3625 874 3664; x_wconf 92' lang='lat' dir='ltr'><strong>nos</strong></span> <span class='ocrx_word' id='word_1_498' title='bbox 921 3627 952 3665; x_wconf 92' lang='lat' dir='ltr'><strong>e</strong></span> <span class='ocrx_word' id='word_1_499' title='bbox 993 3610 1123 3666; x_wconf 75' lang='lat' dir='ltr'><strong>faece</strong></span> <span class='ocrx_word' id='word_1_500' title='bbox 1162 3611 1528 3665; x_wconf 82' lang='lat' dir='ltr'><strong>barbarorum</strong></span> <span class='ocrx_word' id='word_1_501' title='bbox 1587 3612 1853 3665; x_wconf 84' lang='lat' dir='ltr'><strong>abradere</strong></span> <span class='ocrx_word' id='word_1_502' title='bbox 1884 3613 1984 3664; x_wconf 87' lang='lat' dir='ltr'><strong>ali-</strong></span> 
     </span>
    </p>
   </div>
   <div class='ocr_carea' id='block_1_70' title="bbox 407 3700 1983 3771">
    <p class='ocr_par' dir='ltr' id='par_1_70' title="bbox 407 3700 1983 3771">
     <span class='ocr_line' id='line_1_70' title="bbox 407 3700 1983 3771; baseline -0.003 -17"><span class='ocrx_word' id='word_1_503' title='bbox 407 3701 736 3768; x_wconf 88' lang='lat' dir='ltr'><strong>quantulum</strong></span> <span class='ocrx_word' id='word_1_504' title='bbox 767 3716 1056 3770; x_wconf 85' lang='lat' dir='ltr'><strong>possemus</strong></span> <span class='ocrx_word' id='word_1_505' title='bbox 1089 3702 1156 3756; x_wconf 92' lang='lat' dir='ltr'><strong>de</strong></span> <span class='ocrx_word' id='word_1_506' title='bbox 1187 3701 1372 3770; x_wconf 83' lang='lat' dir='ltr'><strong>pingui</strong></span> <span class='ocrx_word' id='word_1_507' title='bbox 1418 3700 1520 3754; x_wconf 90' lang='lat' dir='ltr'><strong>hoc</strong></span> <span class='ocrx_word' id='word_1_508' title='bbox 1545 3703 1773 3757; x_wconf 83' lang='lat' dir='ltr'><strong>succido</strong></span> <span class='ocrx_word' id='word_1_509' title='bbox 1801 3713 1983 3771; x_wconf 67' lang='lat' dir='ltr'><strong>pastu.-</strong></span> 
     </span>
    </p>
   </div>
   <div class='ocr_carea' id='block_1_71' title="bbox 407 3789 1982 3860">
    <p class='ocr_par' dir='ltr' id='par_1_71' title="bbox 407 3789 1982 3860">
     <span class='ocr_line' id='line_1_71' title="bbox 407 3789 1982 3860; baseline -0.001 -18"><span class='ocrx_word' id='word_1_510' title='bbox 407 3789 520 3843; x_wconf 86' lang='lat' dir='ltr'><strong>ritii</strong></span> <span class='ocrx_word' id='word_1_511' title='bbox 548 3791 820 3856; x_wconf 86' lang='lat' dir='ltr'><strong>horroris,</strong></span> <span class='ocrx_word' id='word_1_512' title='bbox 855 3806 967 3860; x_wconf 90' lang='lat' dir='ltr'><strong>quo</strong></span> <span class='ocrx_word' id='word_1_513' title='bbox 993 3798 1238 3845; x_wconf 88' lang='lat' dir='ltr'><strong>vestrum</strong></span> <span class='ocrx_word' id='word_1_514' title='bbox 1271 3790 1504 3845; x_wconf 88' lang='lat' dir='ltr'><strong>delicate</strong></span> <span class='ocrx_word' id='word_1_515' title='bbox 1542 3790 1870 3844; x_wconf 88' lang='lat' dir='ltr'><strong>mundorum</strong></span> <span class='ocrx_word' id='word_1_516' title='bbox 1900 3790 1982 3842; x_wconf 90' lang='lat' dir='ltr'><strong>ni-</strong></span> 
     </span>
    </p>
   </div>
   <div class='ocr_carea' id='block_1_72' title="bbox 409 3879 1980 3948">
    <p class='ocr_par' dir='ltr' id='par_1_72' title="bbox 409 3879 1980 3948">
     <span class='ocr_line' id='line_1_72' title="bbox 409 3879 1980 3948; baseline 0 -15"><span class='ocrx_word' id='word_1_517' title='bbox 409 3888 586 3935; x_wconf 90' lang='lat' dir='ltr'><strong>torem</strong></span> <span class='ocrx_word' id='word_1_518' title='bbox 619 3879 969 3934; x_wconf 72' lang='lat' dir='ltr'><strong>offendimus.</strong></span> <span class='ocrx_word' id='word_1_519' title='bbox 1011 3879 1115 3935; x_wconf 90' lang='lat' dir='ltr'><strong>Sed</strong></span> <span class='ocrx_word' id='word_1_520' title='bbox 1148 3880 1409 3948; x_wconf 86' lang='lat' dir='ltr'><strong>majorem</strong></span> <span class='ocrx_word' id='word_1_521' title='bbox 1460 3881 1563 3933; x_wconf 91' lang='lat' dir='ltr'><strong>ista</strong></span> <span class='ocrx_word' id='word_1_522' title='bbox 1599 3880 1762 3948; x_wconf 89' lang='lat' dir='ltr'><strong>priori</strong></span> <span class='ocrx_word' id='word_1_523' title='bbox 1813 3879 1980 3933; x_wconf 83' lang='lat' dir='ltr'><strong>mise-</strong></span> 
     </span>
    </p>
   </div>
   <div class='ocr_carea' id='block_1_73' title="bbox 409 3969 1979 4039">
    <p class='ocr_par' dir='ltr' id='par_1_73' title="bbox 409 3969 1979 4039">
     <span class='ocr_line' id='line_1_73' title="bbox 409 3969 1979 4039; baseline -0.001 -16"><span class='ocrx_word' id='word_1_524' title='bbox 409 3970 571 4024; x_wconf 83' lang='lat' dir='ltr'><strong>randi</strong></span> <span class='ocrx_word' id='word_1_525' title='bbox 609 3979 665 4026; x_wconf 92' lang='lat' dir='ltr'><strong>et</strong></span> <span class='ocrx_word' id='word_1_526' title='bbox 701 3970 922 4025; x_wconf 89' lang='lat' dir='ltr'><strong>dolendi</strong></span> <span class='ocrx_word' id='word_1_527' title='bbox 951 3986 1180 4025; x_wconf 89' lang='lat' dir='ltr'><strong>causam</strong></span> <span class='ocrx_word' id='word_1_528' title='bbox 1215 3970 1427 4034; x_wconf 79' lang='lat' dir='ltr'><strong>oﬂ&#39;eret,</strong></span> <span class='ocrx_word' id='word_1_529' title='bbox 1451 3969 1597 4039; x_wconf 89' lang='lat' dir='ltr'><strong>quod</strong></span> <span class='ocrx_word' id='word_1_530' title='bbox 1632 3969 1794 4023; x_wconf 88' lang='lat' dir='ltr'><strong>modo</strong></span> <span class='ocrx_word' id='word_1_531' title='bbox 1829 3970 1979 4022; x_wconf 86' lang='lat' dir='ltr'><strong>acci-</strong></span> 
     </span>
    </p>
   </div>
   <div class='ocr_carea' id='block_1_74' title="bbox 409 4060 1978 4131">
    <p class='ocr_par' dir='ltr' id='par_1_74' title="bbox 409 4060 1978 4131">
     <span class='ocr_line' id='line_1_74' title="bbox 409 4060 1978 4131; baseline 0.001 -18"><span class='ocrx_word' id='word_1_532' title='bbox 409 4060 531 4126; x_wconf 88' lang='lat' dir='ltr'><strong>dit;</strong></span> <span class='ocrx_word' id='word_1_533' title='bbox 571 4061 891 4131; x_wconf 75' lang='lat' dir='ltr'><strong>petitionem</strong></span> <span class='ocrx_word' id='word_1_534' title='bbox 925 4062 1173 4116; x_wconf 87' lang='lat' dir='ltr'><strong>videlicet</strong></span> <span class='ocrx_word' id='word_1_535' title='bbox 1214 4069 1361 4115; x_wconf 87' lang='lat' dir='ltr'><strong>tuam</strong></span> <span class='ocrx_word' id='word_1_536' title='bbox 1397 4061 1462 4116; x_wconf 89' lang='lat' dir='ltr'><strong>ad</strong></span> <span class='ocrx_word' id='word_1_537' title='bbox 1499 4070 1711 4130; x_wconf 88' lang='lat' dir='ltr'><strong>tempus</strong></span> <span class='ocrx_word' id='word_1_538' title='bbox 1739 4077 1846 4115; x_wconf 89' lang='lat' dir='ltr'><strong>non</strong></span> <span class='ocrx_word' id='word_1_539' title='bbox 1883 4077 1978 4115; x_wconf 84' lang='lat' dir='ltr'><strong>oc-</strong></span> 
     </span>
    </p>
   </div>
   <div class='ocr_carea' id='block_1_75' title="bbox 409 4150 1978 4220">
    <p class='ocr_par' dir='ltr' id='par_1_75' title="bbox 409 4150 1978 4220">
     <span class='ocr_line' id='line_1_75' title="bbox 409 4150 1978 4220; baseline 0.001 -17"><span class='ocrx_word' id='word_1_540' title='bbox 409 4151 676 4206; x_wconf 86' lang='lat' dir='ltr'><strong>currisse.</strong></span> <span class='ocrx_word' id='word_1_541' title='bbox 715 4150 850 4204; x_wconf 88' lang='lat' dir='ltr'><strong>Nam</strong></span> <span class='ocrx_word' id='word_1_542' title='bbox 885 4152 1068 4206; x_wconf 90' lang='lat' dir='ltr'><strong>oleum</strong></span> <span class='ocrx_word' id='word_1_543' title='bbox 1104 4151 1248 4219; x_wconf 80' lang='lat' dir='ltr'><strong>quod</strong></span> <span class='ocrx_word' id='word_1_544' title='bbox 1280 4159 1337 4204; x_wconf 91' lang='lat' dir='ltr'><strong>tu</strong></span> <span class='ocrx_word' id='word_1_545' title='bbox 1371 4151 1511 4220; x_wconf 90' lang='lat' dir='ltr'><strong>petis</strong></span> <span class='ocrx_word' id='word_1_546' title='bbox 1559 4157 1614 4203; x_wconf 83' lang='lat' dir='ltr'><strong>et</strong></span> <span class='ocrx_word' id='word_1_547' title='bbox 1655 4167 1756 4219; x_wconf 76' lang='lat' dir='ltr'><strong>ego</strong></span> <span class='ocrx_word' id='word_1_548' title='bbox 1797 4152 1978 4215; x_wconf 87' lang='lat' dir='ltr'><strong>velim,</strong></span> 
     </span>
    </p>
   </div>
   <div class='ocr_carea' id='block_1_76' title="bbox 411 4240 1984 4309">
    <p class='ocr_par' dir='ltr' id='par_1_76' title="bbox 411 4240 1984 4309">
     <span class='ocr_line' id='line_1_76' title="bbox 411 4240 1984 4309; baseline -0.001 -13"><span class='ocrx_word' id='word_1_549' title='bbox 411 4252 526 4309; x_wconf 89' lang='lat' dir='ltr'><strong>aut,</strong></span> <span class='ocrx_word' id='word_1_550' title='bbox 566 4251 627 4296; x_wconf 93' lang='lat' dir='ltr'><strong>ut</strong></span> <span class='ocrx_word' id='word_1_551' title='bbox 675 4258 804 4298; x_wconf 90' lang='lat' dir='ltr'><strong>vere</strong></span> <span class='ocrx_word' id='word_1_552' title='bbox 844 4244 1044 4305; x_wconf 78' lang='lat' dir='ltr'><strong>dicam,</strong></span> <span class='ocrx_word' id='word_1_553' title='bbox 1091 4243 1143 4296; x_wconf 91' lang='lat' dir='ltr'><strong>iu</strong></span> <span class='ocrx_word' id='word_1_554' title='bbox 1199 4242 1342 4298; x_wconf 91' lang='lat' dir='ltr'><strong>votis</strong></span> <span class='ocrx_word' id='word_1_555' title='bbox 1391 4242 1582 4306; x_wconf 85' lang='lat' dir='ltr'><strong>habui,</strong></span> <span class='ocrx_word' id='word_1_556' title='bbox 1625 4240 1693 4294; x_wconf 89' lang='lat' dir='ltr'><strong>ad</strong></span> <span class='ocrx_word' id='word_1_557' title='bbox 1748 4241 1984 4309; x_wconf 83' lang='lat' dir='ltr'><strong>aliquem</strong></span> 
     </span>
    </p>
   </div>
   <div class='ocr_carea' id='block_1_77' title="bbox 412 4333 1985 4407">
    <p class='ocr_par' dir='ltr' id='par_1_77' title="bbox 412 4333 1985 4407">
     <span class='ocr_line' id='line_1_77' title="bbox 412 4333 1985 4407; baseline -0.001 -19"><span class='ocrx_word' id='word_1_558' title='bbox 412 4336 598 4390; x_wconf 89' lang='lat' dir='ltr'><strong>isthue</strong></span> <span class='ocrx_word' id='word_1_559' title='bbox 654 4335 818 4390; x_wconf 88' lang='lat' dir='ltr'><strong>talem</strong></span> <span class='ocrx_word' id='word_1_560' title='bbox 861 4336 1042 4407; x_wconf 83' lang='lat' dir='ltr'><strong>qualis</strong></span> <span class='ocrx_word' id='word_1_561' title='bbox 1087 4343 1143 4388; x_wconf 91' lang='lat' dir='ltr'><strong>tu</strong></span> <span class='ocrx_word' id='word_1_562' title='bbox 1194 4349 1254 4388; x_wconf 88' lang='lat' dir='ltr'><strong>es</strong></span> <span class='ocrx_word' id='word_1_563' title='bbox 1285 4334 1545 4394; x_wconf 87' lang='lat' dir='ltr'><strong>transire,</strong></span> <span class='ocrx_word' id='word_1_564' title='bbox 1588 4334 1870 4387; x_wconf 88' lang='lat' dir='ltr'><strong>detentum</strong></span> <span class='ocrx_word' id='word_1_565' title='bbox 1931 4333 1985 4386; x_wconf 90' lang='lat' dir='ltr'><strong>in</strong></span> 
     </span>
    </p>
   </div>
   <div class='ocr_carea' id='block_1_78' title="bbox 414 4425 1984 4496">
    <p class='ocr_par' dir='ltr' id='par_1_78' title="bbox 414 4425 1984 4496">
     <span class='ocr_line' id='line_1_78' title="bbox 414 4425 1984 4496; baseline -0.001 -18"><span class='ocrx_word' id='word_1_566' title='bbox 414 4427 556 4494; x_wconf 91' lang='lat' dir='ltr'><strong>loco,</strong></span> <span class='ocrx_word' id='word_1_567' title='bbox 587 4434 753 4496; x_wconf 88' lang='lat' dir='ltr'><strong>prout</strong></span> <span class='ocrx_word' id='word_1_568' title='bbox 799 4442 978 4482; x_wconf 88' lang='lat' dir='ltr'><strong>rerum</strong></span> <span class='ocrx_word' id='word_1_569' title='bbox 1013 4436 1214 4479; x_wconf 84' lang='lat' dir='ltr'><strong>natura</strong></span> <span class='ocrx_word' id='word_1_570' title='bbox 1253 4426 1399 4487; x_wconf 88' lang='lat' dir='ltr'><strong>tulit,</strong></span> <span class='ocrx_word' id='word_1_571' title='bbox 1435 4425 1693 4478; x_wconf 85' lang='lat' dir='ltr'><strong>collatum</strong></span> <span class='ocrx_word' id='word_1_572' title='bbox 1732 4425 1786 4476; x_wconf 89' lang='lat' dir='ltr'><strong>in</strong></span> <span class='ocrx_word' id='word_1_573' title='bbox 1827 4440 1984 4478; x_wconf 91' lang='lat' dir='ltr'><strong>usum</strong></span> 
     </span>
    </p>
   </div>
   <div class='ocr_carea' id='block_1_79' title="bbox 411 4515 1980 4587">
    <p class='ocr_par' dir='ltr' id='par_1_79' title="bbox 411 4515 1980 4587">
     <span class='ocr_line' id='line_1_79' title="bbox 411 4515 1980 4587; baseline -0.004 -15"><span class='ocrx_word' id='word_1_574' title='bbox 411 4528 538 4585; x_wconf 83' lang='lat' dir='ltr'><strong>est;</strong></span> <span class='ocrx_word' id='word_1_575' title='bbox 573 4518 820 4587; x_wconf 87' lang='lat' dir='ltr'><strong>adeoque</strong></span> <span class='ocrx_word' id='word_1_576' title='bbox 852 4532 952 4571; x_wconf 91' lang='lat' dir='ltr'><strong>nec</strong></span> <span class='ocrx_word' id='word_1_577' title='bbox 980 4519 1122 4570; x_wconf 88' lang='lat' dir='ltr'><strong>oliva</strong></span> <span class='ocrx_word' id='word_1_578' title='bbox 1145 4516 1257 4584; x_wconf 91' lang='lat' dir='ltr'><strong>jam</strong></span> <span class='ocrx_word' id='word_1_579' title='bbox 1293 4530 1460 4585; x_wconf 88' lang='lat' dir='ltr'><strong>super</strong></span> <span class='ocrx_word' id='word_1_580' title='bbox 1516 4515 1625 4568; x_wconf 89' lang='lat' dir='ltr'><strong>ulla</strong></span> <span class='ocrx_word' id='word_1_581' title='bbox 1674 4522 1780 4573; x_wconf 88' lang='lat' dir='ltr'><strong>est.</strong></span> <span class='ocrx_word' id='word_1_582' title='bbox 1814 4529 1980 4584; x_wconf 88' lang='lat' dir='ltr'><strong>supra</strong></span> 
     </span>
    </p>
   </div>
   <div class='ocr_carea' id='block_1_80' title="bbox 414 4605 1982 4675">
    <p class='ocr_par' dir='ltr' id='par_1_80' title="bbox 414 4605 1982 4675">
     <span class='ocr_line' id='line_1_80' title="bbox 414 4605 1982 4675; baseline -0.001 -15"><span class='ocrx_word' id='word_1_583' title='bbox 414 4621 579 4675; x_wconf 86' lang='lat' dir='ltr'><strong>quam</strong></span> <span class='ocrx_word' id='word_1_584' title='bbox 632 4607 992 4662; x_wconf 73' lang='lat' dir='ltr'><strong>inoculationi</strong></span> <span class='ocrx_word' id='word_1_585' title='bbox 1041 4607 1197 4661; x_wconf 89' lang='lat' dir='ltr'><strong>locus</strong></span> <span class='ocrx_word' id='word_1_586' title='bbox 1253 4615 1408 4660; x_wconf 87' lang='lat' dir='ltr'><strong>vacet</strong></span> <span class='ocrx_word' id='word_1_587' title='bbox 1460 4605 1620 4672; x_wconf 86' lang='lat' dir='ltr'><strong>(sine</strong></span> <span class='ocrx_word' id='word_1_588' title='bbox 1687 4605 1833 4657; x_wconf 87' lang='lat' dir='ltr'><strong>enim</strong></span> <span class='ocrx_word' id='word_1_589' title='bbox 1897 4620 1982 4658; x_wconf 89' lang='lat' dir='ltr'><strong>me</strong></span> 
     </span>
    </p>
   </div>
   <div class='ocr_carea' id='block_1_81' title="bbox 2015 4578 2058 4631">
    <p class='ocr_par' dir='ltr' id='par_1_81' title="bbox 2015 4578 2058 4631">
     <span class='ocr_line' id='line_1_81' title="bbox 2015 4578 2058 4631; baseline 0 0"><span class='ocrx_word' id='word_1_590' title='bbox 2015 4578 2058 4631; x_wconf 90' lang='lat' dir='ltr'><strong>D</strong></span> 
     </span>
    </p>
   </div>
   <div class='ocr_carea' id='block_1_82' title="bbox 2090 3601 3690 3686">
    <p class='ocr_par' dir='ltr' id='par_1_82' title="bbox 2090 3601 3690 3686">
     <span class='ocr_line' id='line_1_82' title="bbox 2090 3601 3690 3686; baseline -0.011 -18"><span class='ocrx_word' id='word_1_591' title='bbox 2090 3618 2146 3668; x_wconf 84' lang='grc' dir='ltr'>Ὀ</span> <span class='ocrx_word' id='word_1_592' title='bbox 2177 3615 2286 3686; x_wconf 74' lang='grc' dir='ltr'>γὰρ</span> <span class='ocrx_word' id='word_1_593' title='bbox 2311 3614 2483 3666; x_wconf 74' lang='grc' dir='ltr'>ἔλαιον</span> <span class='ocrx_word' id='word_1_594' title='bbox 2504 3653 2516 3673; x_wconf 87' lang='grc'><strong>,</strong></span> <span class='ocrx_word' id='word_1_595' title='bbox 2560 3612 2621 3663; x_wconf 81' lang='grc' dir='ltr'>σύ</span> <span class='ocrx_word' id='word_1_596' title='bbox 2651 3627 2706 3661; x_wconf 87' lang='grc' dir='ltr'><strong>τε</strong></span> <span class='ocrx_word' id='word_1_597' title='bbox 2743 3608 2930 3672; x_wconf 77' lang='grc' dir='ltr'>ἀξιοῖς,</span> <span class='ocrx_word' id='word_1_598' title='bbox 2960 3603 3110 3672; x_wconf 81' lang='grc' dir='ltr'><strong>κάγὼ</strong></span> <span class='ocrx_word' id='word_1_599' title='bbox 3141 3602 3433 3672; x_wconf 72' lang='grc' dir='ltr'>βούλομαι,</span> <span class='ocrx_word' id='word_1_600' title='bbox 3463 3602 3498 3669; x_wconf 80' lang='grc' dir='ltr'>ἢ</span> <span class='ocrx_word' id='word_1_601' title='bbox 3531 3601 3690 3652; x_wconf 74' lang='grc' dir='ltr'>τοῦτ’</span> 
     </span>
    </p>
   </div>
   <div class='ocr_carea' id='block_1_83' title="bbox 2077 3688 3685 3768">
    <p class='ocr_par' dir='ltr' id='par_1_83' title="bbox 2077 3688 3685 3768">
     <span class='ocr_line' id='line_1_83' title="bbox 2077 3688 3685 3768; baseline -0.01 -14"><span class='ocrx_word' id='word_1_602' title='bbox 2077 3703 2271 3766; x_wconf 68' lang='grc' dir='ltr'>εἰπεῖν,</span> <span class='ocrx_word' id='word_1_603' title='bbox 2298 3701 2363 3752; x_wconf 83' lang='grc' dir='ltr'>δι’</span> <span class='ocrx_word' id='word_1_604' title='bbox 2404 3701 2568 3768; x_wconf 82' lang='grc' dir='ltr'>εὐχῆς</span> <span class='ocrx_word' id='word_1_605' title='bbox 2595 3693 2757 3766; x_wconf 80' lang='grc' dir='ltr'>εἶχον,</span> <span class='ocrx_word' id='word_1_606' title='bbox 2792 3695 2928 3765; x_wconf 82' lang='grc' dir='ltr'>πρὸς</span> <span class='ocrx_word' id='word_1_607' title='bbox 2954 3691 3189 3745; x_wconf 76' lang='grc' dir='ltr'>τοιοῦτόν</span> <span class='ocrx_word' id='word_1_608' title='bbox 3215 3706 3338 3741; x_wconf 83' lang='grc' dir='ltr'>τινα</span> <span class='ocrx_word' id='word_1_609' title='bbox 3380 3688 3685 3757; x_wconf 74' lang='grc' dir='ltr'>διαϐῆναι,</span> 
     </span>
    </p>
   </div>
   <div class='ocr_carea' id='block_1_84' title="bbox 2079 3779 3685 3862">
    <p class='ocr_par' dir='ltr' id='par_1_84' title="bbox 2079 3779 3685 3862">
     <span class='ocr_line' id='line_1_84' title="bbox 2079 3779 3685 3862; baseline -0.011 -16"><span class='ocrx_word' id='word_1_610' title='bbox 2079 3793 2220 3845; x_wconf 80' lang='grc' dir='ltr'>κατὰ</span> <span class='ocrx_word' id='word_1_611' title='bbox 2245 3793 2425 3862; x_wconf 82' lang='grc' dir='ltr'>χώραν</span> <span class='ocrx_word' id='word_1_612' title='bbox 2467 3787 2792 3860; x_wconf 78' lang='grc' dir='ltr'>μεμενηκὸς,</span> <span class='ocrx_word' id='word_1_613' title='bbox 2818 3785 2892 3847; x_wconf 84' lang='grc' dir='ltr'>ὡς</span> <span class='ocrx_word' id='word_1_614' title='bbox 2915 3786 2947 3854; x_wconf 88' lang='grc' dir='ltr'><strong>ή</strong></span> <span class='ocrx_word' id='word_1_615' title='bbox 2979 3783 3085 3836; x_wconf 81' lang='grc' dir='ltr'><strong>τῶν</strong></span> <span class='ocrx_word' id='word_1_616' title='bbox 3113 3780 3473 3852; x_wconf 74' lang='grc' dir='ltr'>πραγμάτων</span> <span class='ocrx_word' id='word_1_617' title='bbox 3501 3779 3685 3831; x_wconf 73' lang='grc' dir='ltr'>ἔδωκε</span> 
     </span>
    </p>
   </div>
   <div class='ocr_carea' id='block_1_85' title="bbox 2089 3869 3685 3952">
    <p class='ocr_par' dir='ltr' id='par_1_85' title="bbox 2089 3869 3685 3952">
     <span class='ocr_line' id='line_1_85' title="bbox 2089 3869 3685 3952; baseline -0.011 -14"><span class='ocrx_word' id='word_1_618' title='bbox 2089 3884 2268 3952; x_wconf 77' lang='grc' dir='ltr'>φύσις,</span> <span class='ocrx_word' id='word_1_619' title='bbox 2298 3883 2390 3935; x_wconf 75' lang='grc' dir='ltr'><strong>ἐπὶ</strong></span> <span class='ocrx_word' id='word_1_620' title='bbox 2415 3882 2484 3934; x_wconf 78' lang='grc' dir='ltr'><strong>τὰ</strong></span> <span class='ocrx_word' id='word_1_621' title='bbox 2505 3881 2639 3949; x_wconf 74' lang='grc' dir='ltr'>πρὸς</span> <span class='ocrx_word' id='word_1_622' title='bbox 2660 3877 2848 3948; x_wconf 81' lang='grc' dir='ltr'>χρείαν</span> <span class='ocrx_word' id='word_1_623' title='bbox 2867 3875 3119 3944; x_wconf 78' lang='grc' dir='ltr'>κατέστη.</span> <span class='ocrx_word' id='word_1_624' title='bbox 3149 3871 3346 3924; x_wconf 80' lang='grc' dir='ltr'>Τοίνυν</span> <span class='ocrx_word' id='word_1_625' title='bbox 3374 3869 3491 3922; x_wconf 79' lang='grc' dir='ltr'>οὐδ’</span> <span class='ocrx_word' id='word_1_626' title='bbox 3519 3869 3685 3922; x_wconf 70' lang='grc' dir='ltr'>ἐλαία</span> 
     </span>
    </p>
   </div>
   <div class='ocr_carea' id='block_1_86' title="bbox 2086 3958 3681 4039">
    <p class='ocr_par' dir='ltr' id='par_1_86' title="bbox 2086 3958 3681 4039">
     <span class='ocr_line' id='line_1_86' title="bbox 2086 3958 3681 4039; baseline -0.011 -13"><span class='ocrx_word' id='word_1_627' title='bbox 2086 3991 2168 4036; x_wconf 86' lang='grc' dir='ltr'><strong>τις</strong></span> <span class='ocrx_word' id='word_1_628' title='bbox 2196 3973 2341 4024; x_wconf 75' lang='grc' dir='ltr'>ἔστιν</span> <span class='ocrx_word' id='word_1_629' title='bbox 2362 3969 2876 4039; x_wconf 73' lang='grc' dir='ltr'>ὲνοφθαλμισμάτων</span> <span class='ocrx_word' id='word_1_630' title='bbox 2899 3962 3231 4033; x_wconf 77' lang='grc' dir='ltr'>ἐστερημένη</span> <span class='ocrx_word' id='word_1_631' title='bbox 3265 3960 3542 4028; x_wconf 79' lang='grc' dir='ltr'>(ἀνάσχου</span> <span class='ocrx_word' id='word_1_632' title='bbox 3569 3958 3681 4026; x_wconf 81' lang='grc' dir='ltr'><strong>γάρ</strong></span> 
     </span>
    </p>
   </div>
   <div class='ocr_carea' id='block_1_87' title="bbox 2089 4044 3679 4133">
    <p class='ocr_par' dir='ltr' id='par_1_87' title="bbox 2089 4044 3679 4133">
     <span class='ocr_line' id='line_1_87' title="bbox 2089 4044 3679 4133; baseline -0.013 -16"><span class='ocrx_word' id='word_1_633' title='bbox 2089 4081 2189 4133; x_wconf 80' lang='grc' dir='ltr'><strong>μου</strong></span> <span class='ocrx_word' id='word_1_634' title='bbox 2227 4065 2322 4116; x_wconf 77' lang='grc' dir='ltr'><strong>καὶ</strong></span> <span class='ocrx_word' id='word_1_635' title='bbox 2359 4047 2552 4132; x_wconf 78' lang='grc' dir='ltr'>μικρὸν</span> <span class='ocrx_word' id='word_1_636' title='bbox 2581 4063 2644 4130; x_wconf 83' lang='grc' dir='ltr'><strong>τῇ</strong></span> <span class='ocrx_word' id='word_1_637' title='bbox 2687 4059 2834 4127; x_wconf 78' lang='grc' dir='ltr'>κοινῇ</span> <span class='ocrx_word' id='word_1_638' title='bbox 2874 4054 3081 4124; x_wconf 79' lang='grc' dir='ltr'>γλώττῃ</span> <span class='ocrx_word' id='word_1_639' title='bbox 3126 4049 3546 4122; x_wconf 79' lang='grc' dir='ltr'>χαρισαμένου)</span> <span class='ocrx_word' id='word_1_640' title='bbox 3590 4044 3679 4113; x_wconf 52' lang='grc' dir='ltr'><strong>ἔειφ’</strong></span> 
     </span>
    </p>
   </div>
   <div class='ocr_carea' id='block_1_88' title="bbox 2085 4138 3678 4227">
    <p class='ocr_par' dir='ltr' id='par_1_88' title="bbox 2085 4138 3678 4227">
     <span class='ocr_line' id='line_1_88' title="bbox 2085 4138 3678 4227; baseline -0.014 -19"><span class='ocrx_word' id='word_1_641' title='bbox 2085 4149 2228 4227; x_wconf 80' lang='grc' dir='ltr'>ᾗπερ</span> <span class='ocrx_word' id='word_1_642' title='bbox 2263 4153 2328 4206; x_wconf 91' lang='grc' dir='ltr'><strong>ἂν</strong></span> <span class='ocrx_word' id='word_1_643' title='bbox 2374 4154 2403 4205; x_wconf 86' lang='grc' dir='ltr'>ὁ</span> <span class='ocrx_word' id='word_1_644' title='bbox 2442 4153 2569 4223; x_wconf 76' lang='grc' dir='ltr'>ἡδὺς</span> <span class='ocrx_word' id='word_1_645' title='bbox 2610 4150 2759 4220; x_wconf 82' lang='grc' dir='ltr'>φίλος</span> <span class='ocrx_word' id='word_1_646' title='bbox 2800 4142 3258 4216; x_wconf 78' lang='grc' dir='ltr'>ὲγκεντριασθείη.</span> <span class='ocrx_word' id='word_1_647' title='bbox 3294 4138 3678 4227; x_wconf 74' lang='grc' dir='ltr'>Πεπλήρωται</span> 
     </span>
    </p>
   </div>
   <div class='ocr_carea' id='block_1_89' title="bbox 2083 4226 3679 4313">
    <p class='ocr_par' dir='ltr' id='par_1_89' title="bbox 2083 4226 3679 4313">
     <span class='ocr_line' id='line_1_89' title="bbox 2083 4226 3679 4313; baseline -0.015 -14"><span class='ocrx_word' id='word_1_648' title='bbox 2083 4226 2192 4313; x_wconf 78' lang='grc' dir='ltr'><strong>γάρ</strong></span> <span class='ocrx_word' id='word_1_649' title='bbox 2221 4243 2448 4312; x_wconf 79' lang='grc' dir='ltr'>ἑκάστη,</span> <span class='ocrx_word' id='word_1_650' title='bbox 2489 4243 2583 4294; x_wconf 77' lang='grc' dir='ltr'><strong>καὶ</strong></span> <span class='ocrx_word' id='word_1_651' title='bbox 2614 4238 2960 4312; x_wconf 87' lang='grc' dir='ltr'>καρποδοτεῖν</span> <span class='ocrx_word' id='word_1_652' title='bbox 2989 4236 3063 4298; x_wconf 85' lang='grc' dir='ltr'>ὡς</span> <span class='ocrx_word' id='word_1_653' title='bbox 3089 4228 3198 4285; x_wconf 74' lang='grc' dir='ltr'>οἷόν</span> <span class='ocrx_word' id='word_1_654' title='bbox 3236 4246 3298 4282; x_wconf 88' lang='grc' dir='ltr'><strong>τε</strong></span> <span class='ocrx_word' id='word_1_655' title='bbox 3329 4228 3438 4298; x_wconf 69' lang='grc' dir='ltr'>ἤδη</span> <span class='ocrx_word' id='word_1_656' title='bbox 3489 4226 3679 4293; x_wconf 68' lang='grc' dir='ltr'>ἀπάρα-</span> 
     </span>
    </p>
   </div>
   <div class='ocr_carea' id='block_1_90' title="bbox 2082 4319 3676 4407">
    <p class='ocr_par' dir='ltr' id='par_1_90' title="bbox 2082 4319 3676 4407">
     <span class='ocr_line' id='line_1_90' title="bbox 2082 4319 3676 4407; baseline -0.014 -18"><span class='ocrx_word' id='word_1_657' title='bbox 2082 4355 2254 4407; x_wconf 87' lang='grc' dir='ltr'>χεται.</span> <span class='ocrx_word' id='word_1_658' title='bbox 2292 4336 2401 4390; x_wconf 69' lang='grc' dir='ltr'>Καὶ</span> <span class='ocrx_word' id='word_1_659' title='bbox 2431 4334 2601 4388; x_wconf 78' lang='grc' dir='ltr'>ταῦτα</span> <span class='ocrx_word' id='word_1_660' title='bbox 2625 4335 2724 4403; x_wconf 85' lang='grc' dir='ltr'><strong>μὲν</strong></span> <span class='ocrx_word' id='word_1_661' title='bbox 2749 4331 2812 4401; x_wconf 83' lang='grc' dir='ltr'><strong>δὴ</strong></span> <span class='ocrx_word' id='word_1_662' title='bbox 2848 4328 3040 4382; x_wconf 73' lang='grc' dir='ltr'>ταῦτα’</span> <span class='ocrx_word' id='word_1_663' title='bbox 3072 4323 3256 4378; x_wconf 57' lang='lat' dir='ltr'><strong>«eam</strong></span> <span class='ocrx_word' id='word_1_664' title='bbox 3284 4320 3340 4372; x_wconf 74' lang='grc' dir='ltr'>δὲ</span> <span class='ocrx_word' id='word_1_665' title='bbox 3368 4319 3469 4371; x_wconf 67' lang='grc' dir='ltr'><strong>καὶ</strong></span> <span class='ocrx_word' id='word_1_666' title='bbox 3506 4321 3538 4370; x_wconf 90' lang='grc' dir='ltr'>ὀ</span> <span class='ocrx_word' id='word_1_667' title='bbox 3569 4333 3676 4368; x_wconf 77' lang='grc' dir='ltr'><strong>πα-</strong></span> 
     </span>
    </p>
   </div>
   <div class='ocr_carea' id='block_1_91' title="bbox 2087 4409 3674 4498">
    <p class='ocr_par' dir='ltr' id='par_1_91' title="bbox 2087 4409 3674 4498">
     <span class='ocr_line' id='line_1_91' title="bbox 2087 4409 3674 4498; baseline -0.016 -17"><span class='ocrx_word' id='word_1_668' title='bbox 2087 4427 2194 4498; x_wconf 89' lang='grc' dir='ltr'>ρὼν</span> <span class='ocrx_word' id='word_1_669' title='bbox 2222 4427 2356 4496; x_wconf 84' lang='grc' dir='ltr'>δῆλα</span> <span class='ocrx_word' id='word_1_670' title='bbox 2379 4426 2553 4496; x_wconf 84' lang='grc' dir='ltr'>θήσει·</span> <span class='ocrx_word' id='word_1_671' title='bbox 2581 4424 2673 4476; x_wconf 73' lang='grc' dir='ltr'><strong>καὶ</strong></span> <span class='ocrx_word' id='word_1_672' title='bbox 2697 4424 2841 4483; x_wconf 70' lang='grc' dir='ltr'>ὅπως</span> <span class='ocrx_word' id='word_1_673' title='bbox 2867 4419 3010 4487; x_wconf 71' lang='grc' dir='ltr'>ᾇπερ</span> <span class='ocrx_word' id='word_1_674' title='bbox 3031 4415 3237 4487; x_wconf 80' lang='grc' dir='ltr'>ᾔτησας</span> <span class='ocrx_word' id='word_1_675' title='bbox 3265 4412 3368 4464; x_wconf 78' lang='grc' dir='ltr'><strong>οὐκ</strong></span> <span class='ocrx_word' id='word_1_676' title='bbox 3392 4409 3524 4477; x_wconf 70' lang='grc' dir='ltr'>ἔσχε</span> <span class='ocrx_word' id='word_1_677' title='bbox 3551 4424 3674 4498; x_wconf 74' lang='grc' dir='ltr'>και-</span> 
     </span>
    </p>
   </div>
   <div class='ocr_carea' id='block_1_92' title="bbox 2087 4497 3670 4588">
    <p class='ocr_par' dir='ltr' id='par_1_92' title="bbox 2087 4497 3670 4588">
     <span class='ocr_line' id='line_1_92' title="bbox 2087 4497 3670 4588; baseline -0.015 -17"><span class='ocrx_word' id='word_1_678' title='bbox 2087 4497 2199 4588; x_wconf 82' lang='grc' dir='ltr'>ρὸν,</span> <span class='ocrx_word' id='word_1_679' title='bbox 2233 4517 2352 4586; x_wconf 85' lang='grc' dir='ltr'>τάχ’</span> <span class='ocrx_word' id='word_1_680' title='bbox 2382 4516 2446 4569; x_wconf 77' lang='grc' dir='ltr'>ἄν</span> <span class='ocrx_word' id='word_1_681' title='bbox 2484 4531 2565 4566; x_wconf 90' lang='grc' dir='ltr'><strong>σοι</strong></span> <span class='ocrx_word' id='word_1_682' title='bbox 2602 4509 3031 4580; x_wconf 86' lang='grc' dir='ltr'>διατρανάσαιτο.</span> <span class='ocrx_word' id='word_1_683' title='bbox 3060 4507 3338 4575; x_wconf 70' lang='grc' dir='ltr'>Ἔρρωσθ,</span> <span class='ocrx_word' id='word_1_684' title='bbox 3380 4501 3479 4553; x_wconf 72' lang='grc' dir='ltr'><strong>καὶ</strong></span> <span class='ocrx_word' id='word_1_685' title='bbox 3506 4497 3670 4549; x_wconf 71' lang='grc' dir='ltr'>εὐθύ-</span> 
     </span>
    </p>
   </div>
   <div class='ocr_carea' id='block_1_93' title="bbox 2092 4596 3261 4676">
    <p class='ocr_par' dir='ltr' id='par_1_93' title="bbox 2092 4596 3261 4676">
     <span class='ocr_line' id='line_1_93' title="bbox 2092 4596 3261 4676; baseline -0.013 -16"><span class='ocrx_word' id='word_1_686' title='bbox 2092 4624 2180 4676; x_wconf 85' lang='grc' dir='ltr'><strong>μει</strong></span> <span class='ocrx_word' id='word_1_687' title='bbox 2209 4605 2526 4674; x_wconf 79' lang='grc' dir='ltr'>φιλοσοφίας</span> <span class='ocrx_word' id='word_1_688' title='bbox 2551 4604 2766 4670; x_wconf 84' lang='grc' dir='ltr'>ἁπάσης</span> <span class='ocrx_word' id='word_1_689' title='bbox 2801 4596 3261 4664; x_wconf 76' lang='grc' dir='ltr'>ἀντιποιούμενος.</span> 
     </span>
    </p>
   </div>
   <div class='ocr_carea' id='block_1_94' title="bbox 415 4687 3665 4769">
    <p class='ocr_par' dir='ltr' id='par_1_94' title="bbox 415 4687 3665 4769">
     <span class='ocr_line' id='line_1_94' title="bbox 415 4687 3665 4769; baseline -0.007 -18"><span class='ocrx_word' id='word_1_690' title='bbox 415 4701 671 4769; x_wconf 79' lang='lat' dir='ltr'><strong>exiguum</strong></span> <span class='ocrx_word' id='word_1_691' title='bbox 704 4700 836 4768; x_wconf 90' lang='lat' dir='ltr'><strong>quid</strong></span> <span class='ocrx_word' id='word_1_692' title='bbox 896 4700 1094 4769; x_wconf 70' lang='lat' dir='ltr'><strong>lingua:</strong></span> <span class='ocrx_word' id='word_1_693' title='bbox 1140 4697 1416 4751; x_wconf 87' lang='lat' dir='ltr'><strong>counnuni</strong></span> <span class='ocrx_word' id='word_1_694' title='bbox 1463 4694 1786 4764; x_wconf 88' lang='lat' dir='ltr'><strong>indulgere)</strong></span> <span class='ocrx_word' id='word_1_695' title='bbox 1827 4695 1914 4748; x_wconf 90' lang='lat' dir='ltr'><strong>cui</strong></span> <span class='ocrx_word' id='word_1_696' title='bbox 1966 4697 2142 4752; x_wconf 91' lang='lat' dir='ltr'><strong>dulcis</strong></span> <span class='ocrx_word' id='word_1_697' title='bbox 2181 4697 2391 4750; x_wconf 88' lang='lat' dir='ltr'><strong>amicus</strong></span> <span class='ocrx_word' id='word_1_698' title='bbox 2433 4696 2725 4749; x_wconf 88' lang='lat' dir='ltr'><strong>inseratur.</strong></span> <span class='ocrx_word' id='word_1_699' title='bbox 2780 4689 2944 4743; x_wconf 85' lang='lat' dir='ltr'><strong>Plena</strong></span> <span class='ocrx_word' id='word_1_700' title='bbox 2977 4688 3122 4740; x_wconf 90' lang='lat' dir='ltr'><strong>enim</strong></span> <span class='ocrx_word' id='word_1_701' title='bbox 3167 4694 3516 4750; x_wconf 64' lang='lat' dir='ltr'><strong>unaqumque</strong></span> <span class='ocrx_word' id='word_1_702' title='bbox 3562 4687 3665 4739; x_wconf 84' lang='lat' dir='ltr'><strong>est,</strong></span> 
     </span>
    </p>
   </div>
   <div class='ocr_carea' id='block_1_95' title="bbox 411 4775 3670 4859">
    <p class='ocr_par' dir='ltr' id='par_1_95' title="bbox 411 4775 3670 4859">
     <span class='ocr_line' id='line_1_95' title="bbox 411 4775 3670 4859; baseline -0.006 -17"><span class='ocrx_word' id='word_1_703' title='bbox 411 4789 636 4859; x_wconf 84' lang='lat' dir='ltr'><strong>jamque</strong></span> <span class='ocrx_word' id='word_1_704' title='bbox 662 4789 902 4844; x_wconf 85' lang='lat' dir='ltr'><strong>fructum</strong></span> <span class='ocrx_word' id='word_1_705' title='bbox 925 4791 1086 4844; x_wconf 89' lang='lat' dir='ltr'><strong>edere</strong></span> <span class='ocrx_word' id='word_1_706' title='bbox 1112 4805 1210 4858; x_wconf 90' lang='lat' dir='ltr'><strong>pro</strong></span> <span class='ocrx_word' id='word_1_707' title='bbox 1230 4803 1288 4842; x_wconf 87' lang='lat' dir='ltr'><strong>se</strong></span> <span class='ocrx_word' id='word_1_708' title='bbox 1311 4788 1539 4855; x_wconf 78' lang='lat' dir='ltr'><strong>singula:</strong></span> <span class='ocrx_word' id='word_1_709' title='bbox 1565 4787 1844 4856; x_wconf 88' lang='lat' dir='ltr'><strong>ineeptant</strong></span> <span class='ocrx_word' id='word_1_710' title='bbox 1866 4789 2003 4857; x_wconf 79' lang='lat'><strong>(95).</strong></span> <span class='ocrx_word' id='word_1_711' title='bbox 2040 4787 2164 4842; x_wconf 78' lang='lat' dir='ltr'><strong>[Iace</strong></span> <span class='ocrx_word' id='word_1_712' title='bbox 2191 4788 2412 4858; x_wconf 86' lang='lat' dir='ltr'><strong>quidem</strong></span> <span class='ocrx_word' id='word_1_713' title='bbox 2449 4787 2712 4840; x_wconf 88' lang='lat' dir='ltr'><strong>hactenus</strong></span> <span class='ocrx_word' id='word_1_714' title='bbox 2738 4801 2752 4849; x_wconf 90' lang='lat'><strong>;</strong></span> <span class='ocrx_word' id='word_1_715' title='bbox 2782 4789 2973 4836; x_wconf 69' lang='lat' dir='ltr'><strong>caetera</strong></span> <span class='ocrx_word' id='word_1_716' title='bbox 3040 4775 3362 4831; x_wconf 87' lang='lat' dir='ltr'><strong>tabellarius</strong></span> <span class='ocrx_word' id='word_1_717' title='bbox 3420 4781 3670 4859; x_wconf 72' lang='lat' dir='ltr'><strong>praesens</strong></span> 
     </span>
    </p>
   </div>
   <div class='ocr_carea' id='block_1_96' title="bbox 418 4858 3669 4951">
    <p class='ocr_par' dir='ltr' id='par_1_96' title="bbox 418 4858 3669 4951">
     <span class='ocr_line' id='line_1_96' title="bbox 418 4858 3669 4951; baseline -0.009 -14"><span class='ocrx_word' id='word_1_718' title='bbox 418 4858 685 4951; x_wconf 77' lang='lat' dir='ltr'><strong>exponet;</strong></span> <span class='ocrx_word' id='word_1_719' title='bbox 708 4889 762 4937; x_wconf 91' lang='lat' dir='ltr'><strong>et</strong></span> <span class='ocrx_word' id='word_1_720' title='bbox 787 4882 1063 4950; x_wconf 89' lang='lat' dir='ltr'><strong>quomodo</strong></span> <span class='ocrx_word' id='word_1_721' title='bbox 1087 4895 1208 4950; x_wconf 74' lang='lat' dir='ltr'><strong>qua:</strong></span> <span class='ocrx_word' id='word_1_722' title='bbox 1232 4876 1520 4948; x_wconf 88' lang='lat' dir='ltr'><strong>postulasti</strong></span> <span class='ocrx_word' id='word_1_723' title='bbox 1543 4879 2008 4946; x_wconf 81' lang='lat' dir='ltr'><strong>Opportunitatem</strong></span> <span class='ocrx_word' id='word_1_724' title='bbox 2033 4894 2140 4933; x_wconf 92' lang='lat' dir='ltr'><strong>non</strong></span> <span class='ocrx_word' id='word_1_725' title='bbox 2169 4877 2494 4942; x_wconf 88' lang='lat' dir='ltr'><strong>invenerint,</strong></span> <span class='ocrx_word' id='word_1_726' title='bbox 2519 4875 2708 4944; x_wconf 89' lang='lat' dir='ltr'><strong>utique</strong></span> <span class='ocrx_word' id='word_1_727' title='bbox 2728 4871 2795 4927; x_wconf 90' lang='lat' dir='ltr'><strong>ad</strong></span> <span class='ocrx_word' id='word_1_728' title='bbox 2820 4868 3087 4940; x_wconf 88' lang='lat' dir='ltr'><strong>liquidum</strong></span> <span class='ocrx_word' id='word_1_729' title='bbox 3104 4865 3390 4921; x_wconf 81' lang='lat' dir='ltr'><strong>edisseret.</strong></span> <span class='ocrx_word' id='word_1_730' title='bbox 3435 4858 3594 4925; x_wconf 76' lang='lat' dir='ltr'><strong>Vale,</strong></span> <span class='ocrx_word' id='word_1_731' title='bbox 3617 4865 3669 4912; x_wconf 85' lang='lat' dir='ltr'><strong>et</strong></span> 
     </span>
    </p>
   </div>
   <div class='ocr_carea' id='block_1_97' title="bbox 420 4971 2736 5044">
    <p class='ocr_par' dir='ltr' id='par_1_97' title="bbox 420 4971 2736 5044">
     <span class='ocr_line' id='line_1_97' title="bbox 420 4971 2736 5044; baseline -0.005 -11"><span class='ocrx_word' id='word_1_732' title='bbox 420 4981 566 5033; x_wconf 88' lang='lat' dir='ltr'><strong>bono</strong></span> <span class='ocrx_word' id='word_1_733' title='bbox 633 4979 817 5034; x_wconf 85' lang='lat' dir='ltr'><strong>animo</strong></span> <span class='ocrx_word' id='word_1_734' title='bbox 855 4977 1111 5032; x_wconf 88' lang='lat' dir='ltr'><strong>incumbe</strong></span> <span class='ocrx_word' id='word_1_735' title='bbox 1135 4978 1188 5030; x_wconf 90' lang='lat' dir='ltr'><strong>in</strong></span> <span class='ocrx_word' id='word_1_736' title='bbox 1213 4973 1420 5031; x_wconf 82' lang='lat' dir='ltr'><strong>dudum</strong></span> <span class='ocrx_word' id='word_1_737' title='bbox 1447 4984 1666 5044; x_wconf 89' lang='lat' dir='ltr'><strong>captum</strong></span> <span class='ocrx_word' id='word_1_738' title='bbox 1691 4972 1759 5027; x_wconf 90' lang='lat' dir='ltr'><strong>ad</strong></span> <span class='ocrx_word' id='word_1_739' title='bbox 1779 4987 1995 5029; x_wconf 87' lang='lat' dir='ltr'><strong>omnem</strong></span> <span class='ocrx_word' id='word_1_740' title='bbox 2017 4974 2417 5044; x_wconf 88' lang='lat' dir='ltr'><strong>philosophiam</strong></span> <span class='ocrx_word' id='word_1_741' title='bbox 2456 4971 2736 5040; x_wconf 87' lang='lat' dir='ltr'><strong>impetum.</strong></span> 
     </span>
    </p>
   </div>
   <div class='ocr_carea' id='block_1_98' title="bbox 496 5151 1988 5224">
    <p class='ocr_par' dir='ltr' id='par_1_98' title="bbox 496 5151 1988 5224">
     <span class='ocr_line' id='line_1_98' title="bbox 496 5151 1988 5224; baseline -0.001 -16"><span class='ocrx_word' id='word_1_742' title='bbox 496 5153 636 5224; x_wconf 57' lang='grc' dir='ltr'>(θελοι</span> <span class='ocrx_word' id='word_1_743' title='bbox 667 5154 746 5209; x_wconf 77' lang='lat' dir='ltr'><strong>Ex</strong></span> <span class='ocrx_word' id='word_1_744' title='bbox 773 5155 962 5214; x_wconf 89' lang='lat' dir='ltr'><strong>codice</strong></span> <span class='ocrx_word' id='word_1_745' title='bbox 991 5155 1260 5211; x_wconf 72' lang='lat' dir='ltr'><strong>Vaticano</strong></span> <span class='ocrx_word' id='word_1_746' title='bbox 1280 5155 1450 5211; x_wconf 90' lang='lat' dir='ltr'><strong>edidit</strong></span> <span class='ocrx_word' id='word_1_747' title='bbox 1487 5153 1550 5208; x_wconf 92' lang='lat' dir='ltr'><strong><em>P.</em></strong></span> <span class='ocrx_word' id='word_1_748' title='bbox 1580 5152 1840 5224; x_wconf 78' lang='lat' dir='ltr'><strong>Pessinus</strong></span> <span class='ocrx_word' id='word_1_749' title='bbox 1863 5151 1988 5207; x_wconf 85' lang='lat' dir='ltr'><strong>S..|.</strong></span> 
     </span>
    </p>
   </div>
   <div class='ocr_carea' id='block_1_99' title="bbox 427 5222 1982 5298">
    <p class='ocr_par' dir='ltr' id='par_1_99' title="bbox 427 5222 1982 5298">
     <span class='ocr_line' id='line_1_99' title="bbox 427 5222 1982 5298; baseline 0.001 -23"><span class='ocrx_word' id='word_1_750' title='bbox 427 5225 481 5277; x_wconf 86' lang='lat' dir='ltr'><strong>in</strong></span> <span class='ocrx_word' id='word_1_751' title='bbox 507 5222 660 5298; x_wconf 57' lang='lat' dir='ltr'><strong>&#39;noti_s</strong></span> <span class='ocrx_word' id='word_1_752' title='bbox 686 5226 754 5298; x_wconf 83' lang='lat' dir='ltr'><strong>ad</strong></span> <span class='ocrx_word' id='word_1_753' title='bbox 794 5226 1142 5298; x_wconf 69' lang='lat' dir='ltr'><strong>Pachymeris</strong></span> <span class='ocrx_word' id='word_1_754' title='bbox 1166 5225 1492 5298; x_wconf 72' lang='lat' dir='ltr'><strong>Historiam,</strong></span> <span class='ocrx_word' id='word_1_755' title='bbox 1528 5239 1580 5294; x_wconf 90' lang='lat' dir='ltr'><strong>p.</strong></span> <span class='ocrx_word' id='word_1_756' title='bbox 1612 5223 1741 5298; x_wconf 69' lang='lat' dir='ltr'><strong>_4-l7,</strong></span> <span class='ocrx_word' id='word_1_757' title='bbox 1773 5222 1982 5298; x_wconf 58' lang='lat' dir='ltr'><strong>ﬁomac,</strong></span> 
     </span>
    </p>
   </div>
   <div class='ocr_carea' id='block_1_100' title="bbox 429 5293 1988 5362">
    <p class='ocr_par' dir='ltr' id='par_1_100' title="bbox 429 5293 1988 5362">
     <span class='ocr_line' id='line_1_100' title="bbox 429 5293 1988 5362; baseline 0.001 -18"><span class='ocrx_word' id='word_1_758' title='bbox 429 5293 572 5362; x_wconf 82' lang='lat' dir='ltr'><strong>typis</strong></span> <span class='ocrx_word' id='word_1_759' title='bbox 610 5293 1136 5362; x_wconf 67' lang='lat' dir='ltr'><strong>Barberinis,&#39;1666,</strong></span> <span class='ocrx_word' id='word_1_760' title='bbox 1163 5295 1296 5350; x_wconf 77' lang='lat' dir='ltr'><strong>in-io</strong></span> <span class='ocrx_word' id='word_1_761' title='bbox 1320 5298 1579 5349; x_wconf 78' lang='lat' dir='ltr'><strong>maximo.</strong></span> <span class='ocrx_word' id='word_1_762' title='bbox 1612 5293 1666 5346; x_wconf 94' lang='lat' dir='ltr'><strong>In</strong></span> <span class='ocrx_word' id='word_1_763' title='bbox 1698 5293 1884 5347; x_wconf 87' lang='lat' dir='ltr'><strong>codice</strong></span> <span class='ocrx_word' id='word_1_764' title='bbox 1903 5301 1988 5347; x_wconf 87' lang='lat' dir='ltr'><strong>est</strong></span> 
     </span>
    </p>
   </div>
   <div class='ocr_carea' id='block_1_101' title="bbox 2100 5149 3510 5222">
    <p class='ocr_par' dir='ltr' id='par_1_101' title="bbox 2100 5149 3510 5222">
     <span class='ocr_line' id='line_1_101' title="bbox 2100 5149 3510 5222; baseline -0.003 -17"><span class='ocrx_word' id='word_1_765' title='bbox 2100 5151 2333 5222; x_wconf 74' lang='lat' dir='ltr'><strong>epistola</strong></span> <span class='ocrx_word' id='word_1_766' title='bbox 2367 5149 2731 5222; x_wconf 66' lang='lat' dir='ltr'><strong>93,_Eot&#39;r.___</strong></span> <span class='ocrx_word' id='word_1_767' title='bbox 2987 5212 2997 5222; x_wconf 86' lang='lat'><strong>_</strong></span> <span class='ocrx_word' id='word_1_768' title='bbox 3126 5209 3136 5220; x_wconf 40' lang='grc' dir='ltr'><strong>ο</strong></span> <span class='ocrx_word' id='word_1_769' title='bbox 3361 5206 3401 5222; x_wconf 14' lang='grc' dir='ltr'><strong>,μ</strong></span> <span class='ocrx_word' id='word_1_770' title='bbox 3438 5220 3464 5222; x_wconf 12' lang='lat' dir='ltr'><strong>r_</strong></span> <span class='ocrx_word' id='word_1_771' title='bbox 3497 5204 3510 5222; x_wconf 40' lang='grc' dir='ltr'>ε</span> 
     </span>
    </p>
   </div>
   <div class='ocr_carea' id='block_1_102' title="bbox 2167 5217 3662 5291">
    <p class='ocr_par' dir='ltr' id='par_1_102' title="bbox 2167 5217 3662 5291">
     <span class='ocr_line' id='line_1_102' title="bbox 2167 5217 3662 5291; baseline -0.014 -14"><span class='ocrx_word' id='word_1_772' title='bbox 2167 5221 2276 5291; x_wconf 82' lang='grc'><strong>(95)</strong></span> <span class='ocrx_word' id='word_1_773' title='bbox 2300 5219 2568 5274; x_wconf 89' lang='lat' dir='ltr'><strong>Omnibus</strong></span> <span class='ocrx_word' id='word_1_774' title='bbox 2599 5217 2818 5291; x_wconf 79' lang='lat' dir='ltr'><strong>sedibus</strong></span> <span class='ocrx_word' id='word_1_775' title='bbox 2844 5217 3032 5291; x_wconf 69' lang='lat' dir='ltr'><strong>vacuis</strong></span> <span class='ocrx_word' id='word_1_776' title='bbox 3053 5217 3344 5291; x_wconf 58' lang='lat' dir='ltr'><strong>episgopos</strong></span> <span class='ocrx_word' id='word_1_777' title='bbox 3356 5220 3472 5278; x_wconf 80' lang='lat' dir='ltr'><strong>jam</strong></span> <span class='ocrx_word' id='word_1_778' title='bbox 3498 5217 3662 5274; x_wconf 85' lang='lat' dir='ltr'><strong>tmpo-</strong></span> 
     </span>
    </p>
   </div>
   <div class='ocr_carea' id='block_1_103' title="bbox 2085 5279 3336 5362">
    <p class='ocr_par' dir='ltr' id='par_1_103' title="bbox 2085 5279 3336 5362">
     <span class='ocr_line' id='line_1_103' title="bbox 2085 5279 3336 5362; baseline -0.012 -15"><span class='ocrx_word' id='word_1_779' title='bbox 2085 5279 2233 5348; x_wconf 80' lang='lat' dir='ltr'><strong>sitos</strong></span> <span class='ocrx_word' id='word_1_780' title='bbox 2259 5279 2435 5346; x_wconf 64' lang='lat' dir='ltr'><strong>&#39;l‘uisse</strong></span> <span class='ocrx_word' id='word_1_781' title='bbox 2473 5288 2814 5362; x_wconf 60' lang='lat' dir='ltr'><strong>anigmatice</strong></span> <span class='ocrx_word' id='word_1_782' title='bbox 2845 5282 3142 5354; x_wconf 75' lang='lat' dir='ltr'><strong>signiﬁcat.</strong></span> <span class='ocrx_word' id='word_1_783' title='bbox 3174 5279 3336 5333; x_wconf 76' lang='lat' dir='ltr'><strong>Eutr.</strong></span> 
     </span>
    </p>
   </div>
  </div>
