3838 6236
121 296 281 357 ίῖδι

168 434 3003 471 W

1604 299 1938 358 HOMILIE.

3010 451 3380 463 ——.————.—

1030 595 1333 721 SYN
1362 596 1656 722 ESII
1740 597 2509 721 HOMILUE.

716 940 954 992 ouum
992 943 1047 992 Αν
1084 943 1171 1011 (’).

225 1030 368 1098 (9⁸5⁸)
390 1031 463 1082 Οὐ
496 1030 731 1099 θήσομαι
756 1031 852 1097 τὴν
886 1034 1191 1103 πανήγυριν
1214 1035 1444 1103 ἄφωνον,
1468 1034 1600 1088 ἀλλὰ
1624 1034 1742 1087 οὐδὲ

144 1121 343 1190 μέντοι
380 1121 692 1189 πολύφωνον
713 1160 727 1182 ,
765 1125 831 1191 τῇ
868 1124 964 1191 μὲν
985 1127 1132 1194 φωνῇ
1165 1126 1339 1194 τιμῶν
1364 1126 1454 1177 τὸν
1482 1126 1635 1179 Θεόν’
1665 1127 1742 1195 τῷ

138 1212 204 1263 δὲ
240 1214 381 1280 ταχὺ
418 1213 748 1274 πεπαῦσθαι,
769 1216 833 1282 τῇ
856 1214 1157 1285 πανηγύρει
1191 1216 1559 1287 χαριζόμενος.
1603 1216 1739 1270 Ἀλλ’

138 1304 304 1365 ὅπως
350 1302 448 1373 ἔσῃ
484 1304 891 1373 πανηγυριστὴς
932 1305 1079 1368 ἄξιος
1128 1306 1219 1358 τοῦ
1266 1308 1420 1371 Θεοῦ,
1461 1308 1534 1379 μὴ
1590 1308 1741 1362 πόθει

140 1394 458 1463 τράπεζαν,
488 1395 595 1446 ἀπὸ
621 1396 716 1464 τῆς
746 1397 1007 1465 νηστίμου
1028 1396 1126 1467 τὴν
1149 1399 1401 1467 μέθυσον.
1438 1399 1638 1468 Στέψον
1663 1400 1742 1470 τῷ

147 1484 283 1552 Θεῷ
314 1487 565 1555 κρατῆρα
597 1487 858 1556 νήφοντος
887 1489 1182 1558 κράματος.
1225 1490 1284 1543 Ὀ
1312 1491 1442 1554 Θεὸς
1473 1492 1627 1562 ἡμῶν
1657 1509 1743 1544 σου

146 1573 257 1640 φία
286 1578 380 1626 καὶ
407 1575 560 1641 λόγος
587 1575 720 1628 ἐστί.
754 1578 981 1648 Κρατὴρ
1008 1582 1033 1630 ό
1060 1581 1375 1650 παρακινὼν
1404 1582 1463 1634 τὸ
1488 1566 1736 1652 φρονοῦν,

144 1665 178 1715 ὁ
207 1666 493 1735 ταράττων
518 1666 575 1717 τὸ
605 1667 969 1737 λογιζόμενον,
997 1669 1148 1721 οὐδὲν
1178 1672 1445 1742 προσήκει
1470 1673 1546 1742 τῷ
1576 1672 1736 1745 λόγῳ.

151 1759 350 1810 Ἔστιν
375 1758 555 1818 ἄνεσις
587 1760 867 1829 πρέπουσα
893 1763 1009 1831 Θεῴ
1034 1778 1047 1790 ·
1092 1764 1185 1815 καὶ
1219 1762 1363 1816 ἔστιν
1395 1765 1577 1828 ἄνεσις
1607 1765 1742 1833 πρέο

148 1867 340 1902 πουσα
373 1850 641 1919 δαίμοσιν.
688 1851 1076 1918 Ἀγαλλιᾶσθε
1113 1852 1192 1918 τῷ
1224 1856 1415 1923 Κυρίῳ
1450 1855 1519 1907 ἐν
1557 1858 1734 1924 φόϐῳ.

150 1943 329 1994 ’Ὅταν
376 1942 575 2011 eoum,
617 1945 769 2013 φησὶ,
802 1944 1047 2013 μέμνησο
1078 1945 1170 1997 τοῦ
1209 1946 1364 1999 Θεοῦ.
1397 1947 1527 1999 Τότε
1576 1948 1682 2017 γὰρ
1711 1950 1740 2001 ό

152 2032 327 2095 πολὺς
364 2035 443 2096 εἰς
485 2035 757 2103 ἁμαρτίαν
785 2034 997 2098 ὀλισθος
1042 2038 1268 2105 γίνεται.
1305 2040 1471 2091 Ὅταν
1502 2039 1736 2111 εύτροφῇ

154 2122 322 2190 σῶμα
368 2124 492 2194 περὶ
525 2124 822 2194 σάρκωσιν,
860 2126 1189 2196 ἀποστρέφει
1231 2127 1404 2197 ψυχὴν
1452 2129 1577 2198 περὶ
1607 2131 1735 2200 φρό-

152 2228 331 2280 νησιν.
371 2212 665 2279 Ποτήριον
698 2214 767 2265 ἐν
799 2215 949 2282 χειρὶ
990 2217 1232 2280 Κυρίου,
1269 2216 1437 2268 οἴνου
1475 2214 1735 2282 ἀκράτου

153 2301 386 2368 πλῆρες
426 2302 818 2371 κεράσματος.
865 2305 971 2358 Καὶ
1017 2306 1257 2357 ἔκλινεν
1286 2306 1352 2357 ἐκ
1398 2307 1612 2359 τούτου
1654 2309 1739 2371 εἷς
1774 2299 1812 2355 Β

154 2392 357 2451 τοῦτο,
416 2391 582 2457 πλὴν
632 2396 665 2445 d
712 2395 959 2461 τρυτίας
996 2394 1183 2446 αὑτοῦ
1229 2395 1339 2445 οὐκ
1385 2392 1736 2458 ἐξεκενώθη.

169 2482 411 2533 Ἐκείνου
457 2482 546 2534 πίε
579 2482 672 2534 τοῦ
723 2483 1003 2552 ποτηρίου,
1058 2483 1152 2535 καὶ
1198 2483 1427 2549 γέγονας
1471 2483 1617 2545 ἄξιος
1648 2482 1739 2535 τοῦ

160 2574 464 2642 συμποσίου
505 2573 599 2625 τοῦ
650 2574 905 2644 νυμφίου.
959 2573 1330 2644 Ἀριστοποιόν
1371 2576 1519 2625 ἐστιν
1568 2574 1741 2625 ἐκεῖνο

157 2663 221 2716 τὸ
252 2667 529 2734 ποτήριον,
561 2665 704 2717 οἴνου
747 2665 974 2734 πλῆρες,
1005 2666 1099 2732 ὅγε
1129 2667 1222 2718 καὶ
1272 2664 1624 2733 μνησθευθὲν,
1660 2664 1741 2726 εἰς

159 2754 286 2806 νοῦν
313 2757 462 2824 ἡμᾶς
490 2756 628 2818 ἀξιοῖ
658 2756 1039 2824 διεγεῖρεσθαι.
1078 2758 1185 2808 Καὶ
1216 2756 1280 2827 δὴ
1309 2757 1483 2825 σαφὴς
1516 2754 1742 2808 αὐτόθεν

158 2846 189 2895 ὁ
224 2846 399 2912 λόγος,
430 2847 541 2897 ἀλλ’
569 2847 630 2897 οὗ
663 2847 858 2898 πολλοῦ
893 2848 1062 2899 πολλά
1090 2848 1260 2899 δεῖται
1294 2848 1387 2899 τοῦ
1420 2846 1531 2899 νοῦ.
1566 2848 1744 2916 Ποτή·

163 2953 279 3007 ριον
304 2939 361 2989 ἐν
387 2939 511 3007 οἴνῳ
539 2940 760 3008 ἀκράτῳ
791 2940 995 3009 πλῆρες
1037 2941 1399 3009 κεράσματος,
1444 2940 1550 2993 Καὶ
1579 2939 1742 2992 ἐκλι-

159 3043 269 3078 νεν
290 3028 356 3079 ἐκ
389 3030 602 3081 τούτου
626 3032 704 3093 είς
741 3031 934 3081 τοῦτο.
966 3030 1026 3080 Εἰ
1055 3030 1153 3099 μὲν
1179 3031 1438 3097 ἀκράτου,
1465 3030 1581 3093 πῶς
1610 3031 1745 3100 πλῆ-

167 3134 258 3185 ρες
304 3121 644 3187 κεράσματος
669 3138 683 3185 ;
708 3122 838 3173 Εἰδὲ
856 3120 934 3183 ἒν,
976 3120 1091 3183 πῶς
1124 3120 1330 3172 ἔκλινεν
1355 3123 1419 3172 ὲκ
1448 3120 1637 3172 τούτου
1665 3123 1744 3183 εἰς

162 3208 323 3261 τοῦτο
341 3227 354 3270 ;
393 3211 740 3263 Παντάπαδιν
757 3212 975 3272 ἀτόποις
997 3212 1135 3263 ἔοικε
1153 3214 1221 3263 τὰ
1239 3212 1505 3281 λεγόμενα
1527 3226 1538 3238 ·
1558 3213 1615 3263 οὐ
1640 3212 1745 3281 μὴν

160 3300 305 3367 τάγε
323 3302 605 3371 νοούμενα.
623 3303 786 3355 Οὐδὲν
801 3303 950 3372 μέλει
966 3303 1042 3371 τῷ
1054 3303 1172 3369 Θεῷ
1187 3304 1511 3372 θεοφορήτου
1525 3303 1740 3365 λέξεως.

166 3389 391 3458 Πνεῦμα
421 3390 561 3441 θεῖον
586 3390 832 3460 ὑπερορᾷ
862 3390 1211 3460 μικρολογίαν
1243 3392 1642 3461 συγγραφικήν.
1672 3392 1743 3444 Σὺ

162 3483 223 3534 δὲ
261 3480 439 3549 βούλει
469 3480 564 3551 τὴν
595 3482 653 3533 ἐν
684 3484 749 3551 τῇ
779 3481 1043 3552 διαφωνία
1070 3483 1384 3551 συμφωνίαν
1413 3482 1741 3546 θεάσασθαι;

167 3574 295 3644 περὶ
316 3574 465 3625 ποίου
498 3572 777 3642 ποτηρίου,
803 3573 998 3641 φησίν;
1029 3576 1125 3625 Ὃν
1154 3576 1265 3635 τοῖς
1290 3572 1597 3641 ἀνθρώποις
1626 3572 1745 3624 θεό-

167 3665 258 3716 θεν
288 3664 627 3732 προποθέντα
659 3664 816 3729 λόγον
854 3664 1047 3732 ἔχομεν
1081 3665 1229 3733 παρὰ
1254 3663 1345 3715 τοῦ
1369 3663 1523 3727 Θεοῦ,
1548 3665 1604 3715 ἐν
1631 3664 1743 3715 Πα-

165 3757 292 3824 λαιᾷ
334 3754 578 3824 Διαθήκῃ
612 3754 705 3806 καὶ
734 3753 869 3822 Νέᾳ.
903 3753 1089 3821 Τούτῳ
1133 3753 1242 3822 γὰρ
1287 3752 1569 3821 ἀρδεύεται
1595 3751 1743 3821 ψυχὴ

166 3847 246 3915 τῷ
275 3846 440 3915 ποτῷ.
478 3848 600 3898 Ὅτι
635 3845 733 3915 μὲν
775 3844 929 3911 λόγος
956 3844 1121 3906 ἐστὶν,
1157 3844 1392 3913 ἄκρατός
1439 3846 1585 3895 ἐστιν
1614 3844 1737 3894 ὲκά-

167 3956 341 4009 τερος.
384 3939 651 4009 Κιρνᾶται
689 3938 795 4007 γὰρ
842 3938 936 3988 καὶ
976 3935 1150 3995 διττὸς
1180 3934 1273 3987 ὥν.
1314 3935 1408 3987 Ἐν
1442 3934 1551 4003 γὰρ
1581 3934 1641 3985 τὸ
1683 3936 1739 4000 ἐξ

170 4032 367 4098 ἀμφοῖν
422 4029 828 4097 συνιστάμενον,
882 4027 1157 4087 τελείωσις
1201 4026 1473 4093 γνώσεως.
1527 4026 1589 4077 'H
1640 4027 1738 4094 μὲν

174 4122 378 4173 Παλαιὰ
401 4122 496 4192 τὴν
523 4122 816 4190 ὑπόσχεσιν
846 4120 1020 4188 ἔσχεν·
1051 4121 1083 4188 ἡ
1109 4118 1165 4170 δὲ
1188 4119 1304 4170 Νέα
1330 4117 1419 4170 τὸν
1445 4118 1740 4171 ἀπόστολον

175 4212 426 4283 ἐξήνεγκε
451 4230 464 4244 ·
485 4213 546 4265 τὸ
567 4214 645 4275 δὲ,
677 4214 953 4265 Ἕκλιιηῖν
973 4211 1041 4263 ἐκ
1069 4211 1284 4263 τούτου
1311 4211 1397 4273 εὶς
1422 4210 1615 4267 τοῦτο,
1644 4211 1742 4280 τὴν

172 4305 415 4376 διαδοχὴν
443 4304 551 4355 τῶν
594 4304 930 4357 διδασκάλων
968 4303 1282 4364 αἰνίττεται,
1312 4300 1406 4352 τοῦ
1442 4300 1607 4369 νόμου
1648 4302 1739 4352 τοῦ

175 4398 467 4451 Μωσαῖκοῦ
507 4396 726 4449 καὶτοῦ
760 4394 1073 4465 Κυριακοῦ·
1124 4392 1311 4446 καὶτὸ
1356 4395 1614 4461 ποτήριον
1661 4392 1741 4445 ἓν.

180 4492 273 4543 ’Ἑν
299 4490 406 4558 γὰρ
431 4490 658 4541 ἔπνευσε
688 4488 931 4558 Πνεῦμα,
976 4488 1068 4540 καὶ
1106 4487 1185 4549 είς
1211 4486 1514 4556 προφήτην,
1543 4484 1633 4536 καὶ
1662 4486 1742 4546 εὶς

178 4579 487 4631 ἀπόστολον.
521 4579 630 4631 Καὶ
662 4579 804 4630 κατὰ
832 4580 958 4641 τοὺς
984 4576 1221 4645 ἀγαθοὺς
1260 4576 1599 4644 ζωγράφους,
1634 4575 1741 4627 πά-

178 4672 262 4722 λαι
306 4672 403 4740 μὲν
446 4670 924 4739 ὲσκιαγράφησεν,
962 4669 1151 4721 ἔπειτα
1197 4667 1377 4735 μέντοι
1415 4666 1742 4735 διηκρίῦωσε

180 4760 246 4810 τὰ
273 4759 402 4830 μέλη
429 4760 526 4828 τῆς
558 4758 831 4827 γνώσεωςο
866 4759 1040 4825 Πλὴν
1072 4761 1105 4811 o'
1137 4758 1375 4826 τρυγίας
1411 4756 1597 4809 αὐτοῦ
1632 4757 1743 4809 οὐκ

180 4850 521 4917 ἐξεκενώθη.

2431 938 2715 995 [IOMILIA
2759 936 2800 990 l.

1914 1035 2099 1110 295.
2132 1034 2186 1089 In
2216 1035 2318 1090 hac
2344 1050 2445 1103 ego
2470 1034 2689 1104 publica
2724 1029 3044 1083 celebritate
3081 1026 3125 1081 si
3158 1040 3263 1078 non
3290 1023 3413 1077 nul-

1843 1126 1946 1190 los,
1979 1138 2032 1180 at
2066 1142 2269 1196 paucos
2302 1142 2434 1179 sane
2463 1138 2747 1179 sermones
2779 1121 3014 1183 faciam,
3048 1126 3102 1173 et
3139 1132 3269 1171 voce
3294 1117 3415 1185 qui-

1843 1219 1965 1273 dem
1994 1220 2109 1288 ipsa
2136 1219 2383 1274 divinum
2420 1232 2619 1270 numen
2646 1213 2984 1269 venerabor:
3009 1210 3415 1280 quamprinuun

1842 1320 2023 1364 autem
2050 1324 2359 1364 sermonem
2389 1306 2719 1367 desinendo,
2761 1303 3067 1358 celebritati
3106 1299 3416 1354 consulam.

1844 1400 1949 1455 Sed
1978 1402 2054 1455 uti
2085 1400 2195 1455 Deo
2226 1401 2450 1470 dignum
2479 1408 2531 1453 te
2560 1397 2955 1453 celebratorem
2982 1392 3248 1462 przebeas,
3284 1404 3353 1443 ne
3385 1404 3415 1443 τι

1841 1493 2021 1548 sobria
2048 1491 2242 1561 jejunii
2277 1506 2466 1546 mensa
2517 1488 2584 1542 ad
2614 1488 2821 1543 ebriam
2859 1494 2913 1540 et
2934 1484 3271 1539 vinolentam
3308 1489 3417 1533 tete

1841 1582 2115 1639 conferas:
2146 1583 2277 1651 quin
2315 1581 2498 1650 potius
2525 1586 2792 1633 craterem
2830 1576 3011 1631 sobria
3042 1574 3272 1628 mistura
3306 1571 3417 1640 plc-

1840 1689 1971 1726 num
2006 1673 2113 1727 Deo
2148 1671 2445 1726 immortali
2478 1668 2704 1724 oﬂ‘eras.
2748 1668 2892 1722 Deus
2925 1676 3111 1720 noster
3146 1662 3416 1733 sapientia

1838 1773 1891 1819 et
1925 1766 2151 1819 verbum
2179 1772 2298 1828 est;
2333 1762 2590 1831 poculum
2612 1775 2765 1823 vero,
2794 1757 2937 1828 quod
2962 1764 3195 1810 mentem
3216 1770 3244 1807 e
3272 1762 3416 1807 statu

1840 1869 1941 1908 suo
1963 1854 2224 1910 dimovet.
2245 1852 2389 1921 quod
2411 1849 2577 1904 animi
2606 1849 2874 1902 rationem
2909 1845 3176 1916 percellit,
3201 1857 3229 1894 a
3252 1843 3420 1897 verbo

1837 1945 2072 2000 alienum
2095 1954 2200 1999 est.
2222 1944 2317 1997 Est
2336 1943 2478 1997 enim
2500 1950 2557 1995 ut
2577 1939 2683 1995 Deo
2698 1935 3031 1995 conveniens
3048 1935 3318 2007 quaedam,
3338 1934 3418 1987 sic

1837 2039 2175 2093 dmmonihus
2246 2037 2412 2088 altera
2464 2042 2834 2086 consentanea
2892 2029 3057 2082 animi
3124 2026 3416 2081 relaxatio.

1837 2129 2119 2185 Exsultate
2138 2127 2359 2179 Domino
2391 2125 2443 2176 in
2475 2121 2717 2175 timore’.
2752 2119 2888 2172 Dum
2912 2117 3178 2186 epularis,
3214 2115 3410 2184 inquit.

1840 2221 1932 2276 Dei
1978 2218 2324 2274 memineris.
2377 2213 2659 2284 Siquidem
2691 2223 2821 2265 tunc
2848 2210 2941 2280 qui
2974 2225 3005 2265 e
3036 2208 3191 2279 plebe
3225 2219 3329 2272 est,
3364 2207 3418 2259 in

1843 2320 2127 2383 peceatum
2165 2308 2424 2380 proclivis
2451 2315 2559 2369 est,
2596 2320 2659 2357 ac
2694 2303 2964 2367 lubricus,
2994 2314 3306 2368 corpusque
3336 2298 3419 2364 ip-

1812 2401 1963 2457 ‘smn
1998 2402 2126 2456 dum
2166 2417 2230 2455 ex
2261 2398 2564 2453 fecundiori
2608 2393 2867 2448 alimonia
2897 2392 3100 2460 gliscit,
3148 2399 3202 2443 et
3253 2404 3421 2441 carne

1842 2496 2109 2565 repletur,
2132 2493 2348 2546 animus
2374 2506 2402 2543 a
2443 2488 2726 2558 sapientiae
2750 2485 2938 2540 studio
2967 2490 3276 2537 revocatur.
3314 2479 3421 2533 Ca-

1844 2587 1921 2640 tia:
1942 2588 1994 2639 in
2022 2601 2179 2637 manu
2210 2581 2425 2635 Domini
2462 2582 2567 2633 vini
2595 2579 2746 2641 meri,
2769 2578 2951 2644 plenus
2970 2576 3125 2627 misto
3148 2582 3227 2635 ;el
3258 2571 3420 2623 incli-

1843 2677 1983 2731 navit
2018 2692 2081 2729 ex
2114 2674 2207 2726 hoc
2233 2672 2285 2725 in
2328 2674 2461 2734 hoc;
2489 2678 2846 2723 verumtamen
2888 2666 2993 2733 [rex
3042 2663 3153 2731 ejus
3188 2678 3288 2713 non
3344 2670 3420 2712 est

1841 2764 2115 2819 exinanita
2146 2763 2191 2814 ’.
2242 2760 2315 2813 Ex
2359 2760 2461 2813 hoc
2498 2759 2669 2812 calice
2704 2757 2750 2812 si
2789 2755 3033 2815 biberis,
3088 2751 3316 2821 dignum
3371 2758 3424 2803 te

1844 2857 2036 2925 sponsi
2087 2852 2341 2907 convivio
2381 2849 2726 2918 praestiteris.
2778 2844 2939 2899 Utilis
2983 2844 3040 2897 in
3094 2842 3286 2910 primis
3338 2847 3425 2893 est

1843 2948 1987 3001 calix
2018 2947 2119 2998 iste
2152 2945 2279 2997 vino
2322 2944 2538 3012 plenus,
2562 2941 2653 3009 qui
2688 2939 2818 2993 dum
2845 2936 3142 3007 appetitur,
3178 2934 3422 2987 animum

1845 3038 1912 3091 ad
1942 3052 2003 3090 se
2050 3035 2228 3087 redire
2266 3043 2426 3102 atque
2472 3032 2704 3084 excitari
2753 3029 3034 3100 postulat;
3085 3033 3250 3094 atque
3296 3026 3425 3077 hinc

1846 3126 2133 3181 manifesta
2177 3123 2396 3193 quidem
2437 3125 2615 3175 oratio
2645 3130 2750 3176 est.
2804 3119 2912 3173 Sed
2964 3118 3320 3186 multiplicem
3362 3130 3424 3168 ea

1846 3233 2071 3273 sensmn
2112 3231 2220 3268 non
2262 3217 2564 3283 postulant,
2596 3229 2719 3282 qua:
2760 3208 3087 3278 multiplicia
3117 3222 3181 3259 ac
3210 3208 3424 3259 diversa
3492 3204 3501 3213 ’

1845 3325 1969 3364 esse
2002 3309 2277 3361 videntur.
2301 3306 2450 3359 Calix
2486 3305 2537 3357 iu
2570 3306 2697 3356 vino
2727 3316 2881 3355 mero
2912 3301 3075 3353 misto
3108 3300 3323 3368 plenus,
3354 3298 3423 3349 Et

1846 3400 2121 3454 inclinavi!
2154 3413 2219 3451 ea:
2249 3398 2347 3450 hoc
2373 3398 2425 3449 in
2468 3397 2583 3448 hoc.
2619 3392 2675 3447 Si
2718 3407 2870 3446 mero
2896 3392 3107 3461 plenus,
3147 3387 3424 3457 quomodo

1848 3494 2013 3545 misto
2052 3505 2172 3543 esse
2208 3488 2423 3557 potest?
2476 3496 2564 3539 aut
2611 3484 2658 3538 si
2712 3499 2853 3537 unus
2886 3490 3010 3545 est,
3045 3478 3319 3549 quomodo
3356 3492 3425 3531 ex

1850 3586 1952 3637 hoc
1995 3587 2048 3636 in
2103 3584 2204 3635 hoc
2250 3579 2585 3633 inclinatur?
2634 3574 2873 3630 Omnino
2898 3573 3135 3627 absurda
3170 3570 3425 3623 videntur

1851 3692 1973 3730 esse
2003 3690 2126 3743 qua:
2156 3673 2438 3734 dicuntur,
2466 3678 2520 3722 at
2551 3685 2661 3722 non
2696 3684 2757 3722 ea
2791 3682 2911 3735 quae
2958 3666 3060 3720 sub
3110 3665 3177 3717 iis
3219 3662 3423 3715 intelli-

1848 3777 2070 3836 guntur.
2116 3762 2276 3816 Nulla
2326 3762 2434 3815 Deo
2478 3775 2606 3814 cura
2656 3760 2827 3812 divini
2871 3773 2934 3811 ac
2984 3756 3211 3809 numine
3257 3752 3423 3805 alllati

1848 3854 2120 3911 sermonis
2169 3860 2292 3914 est,
2340 3852 2669 3917 anxiamque
2700 3849 2753 3901 in
2805 3846 3036 3900 minutis
3074 3845 3244 3897 rebus
3286 3842 3424 3894 scri-

1849 3957 2067 4016 ptorum
2108 3943 2446 4013 diligentiam
2482 3947 2830 4008 aspernatur.
2883 3936 2965 3989 Tu
2999 3948 3163 4003 porro
3202 3933 3282 3985 vis
3312 3932 3425 3983 dis-

1848 4038 2051 4093 cordia:
2076 4035 2239 4104 hujus
2273 4032 2629 4086 concordiam
2663 4026 3063 4098 contemplari?
3094 4027 3159 4078 de
3183 4038 3422 4094 quonam

1839 4130 2011 4183 calice
2037 4126 2319 4196 loquitur?
2344 4127 2409 4179 de
2425 4138 2490 4179 eo
2513 4123 2727 4179 scilicet
2756 4122 2944 4189 verbo,
2972 4118 3116 4188 quod
3153 4118 3207 4170 in
3239 4113 3421 4168 Veteri

1840 4238 1904 4276 ac
1928 4220 2077 4273 Novo
2096 4219 2454 4275 Testamento
2472 4218 2693 4271 coalitus
2719 4230 2748 4267 a
2774 4214 2886 4268 Deo
2906 4210 3218 4265 hominibus
3244 4206 3425 4276 propi-

1840 4321 2025 4365 natum
2051 4312 2346 4376 habemus;
2380 4310 2483 4363 hoc
2501 4308 2647 4362 enim
2672 4316 2800 4377 potu
2825 4306 3040 4357 animus
3077 4308 3264 4354 noster
3294 4296 3420 4351 irri-

1842 4410 2018 4471 gatur.
2042 4404 2109 4454 At
2132 4416 2253 4454 cum
2281 4412 2577 4467 utrumque
2610 4398 2837 4452 verbum
2866 4397 2958 4457 sit,
2992 4392 3155 4462 296
3185 4403 3416 4448 merum,

1851 4489 1971 4542 uleo
1992 4494 2076 4540 est
2104 4497 2419 4556 utrumque.
2459 4485 2723 4540 Miscetur
2760 4498 2892 4535 vero
2930 4496 3054 4534 cum
3078 4478 3277 4545 duplex
3311 4476 3417 4528 sit:

1852 4592 2019 4627 unum
2053 4575 2202 4627 enim
2224 4582 2329 4636 est,
2362 4574 2593 4642 quodex
2628 4571 2896 4624 ambobus
2926 4566 3208 4626 coalescit,
3243 4564 3421 4615 scien-

1850 4667 1940 4720 tiae
1989 4666 2199 4719 scilicet
2248 4663 2693 4733 cognitioniSque
2752 4659 3034 4730 perfectio.
3082 4654 3249 4708 Vetus
3296 4652 3423 4733 qui-

1851 4757 1973 4810 dem
2006 4754 2430 4825 promissionem
2473 4753 2665 4807 habuit
2694 4767 2706 4802 :
2742 4766 2916 4805 novus
2955 4762 3086 4802 vero
3120 4760 3240 4799 eum
3270 4725 3364 4811 qui
3391 4756 3421 4793 ει

1778 4839 1821 4892 Ῑ)
1854 4847 1961 4904 ΒΘ.)
2009 4849 2211 4902 missus
2252 4855 2355 4907 est,
2394 4844 2564 4899 dedit.
2613 4842 2729 4898 Hoc
2777 4850 2981 4905 autem,
3022 4837 3089 4891 Et
3146 4834 3419 4889 inclinarit

180 4961 241 4999 ea:
274 4944 367 4998 hoc
416 4946 471 4997 in
511 4944 627 5007 hoc,
660 4944 1048 5014 magistrorum
1100 4943 1507 4997 successionem
1583 4941 1879 5011 significat,
1950 4942 2203 4997 Mosaicae
2284 4940 2567 5001 nimirum,
2612 4953 2675 4991 ac
2716 4934 3013 4989 Dominica:
3064 4932 3219 4999 legis.
3265 4927 3421 4981 Calix

184 5041 336 5092 Porro
374 5052 516 5089 unus
545 5044 632 5090 est
666 5051 678 5085 :
739 5052 880 5090 unus
914 5036 1057 5089 enim
1100 5036 1351 5103 idemque
1398 5033 1630 5102 spiritus
1682 5036 2006 5103 prophetam
2033 5074 2046 5095 ,
2098 5044 2260 5102 atque
2292 5048 2438 5090 eum.
2489 5032 2582 5101 qui
2620 5044 2650 5082 a
2691 5029 2802 5082 Deo
2842 5027 3047 5081 missus
3089 5032 3195 5089 est,
3245 5023 3421 5089 inspi-

183 5131 335 5182 ravit.
381 5128 445 5182 Et
488 5128 631 5196 quod
660 5127 787 5181 boni
825 5128 1058 5195 pictores
1090 5126 1316 5189 faciunt,
1345 5126 1476 5178 olim
1518 5123 1741 5193 quidem
1781 5124 2106 5176 adumbrale
2136 5123 2465 5189 delineavit;
2515 5128 2706 5193 postea
2756 5132 2884 5172 vero
2923 5115 3168 5186 singulas
3230 5110 3421 5181 cogni-

183 5222 339 5275 tionis
368 5227 551 5289 partes
577 5219 910 5272 elaboravit:
946 5218 1307 5269 Verumtamen
1342 5217 1447 5283 [rex
1482 5216 1597 5285 ejus
1620 5232 1723 5269 non
1762 5224 1837 5268 est
1872 5215 2169 5268 exinanita.
2252 5204 2253 5207 η

282 5339 295 5367 ²
329 5335 472 5392 Psal.
514 5353 572 5404 ιι,
606 5336 691 5390 Η.
794 5339 814 5367 ²
846 5335 992 5390 Psal.
1048 5352 1225 5402 Luiv,
1266 5335 1320 5389 9.

1400 5445 1577 5501 [ΜΘΝ.
1629 5442 1909 5498 PETAVH
1955 5442 2183 5499 NOT.‘E.

249 5546 378 5612 (95‘)
405 5543 459 5598 ln
494 5544 595 5597 hac
626 5544 847 5596 homilia
878 5544 1117 5597 ostendit
1150 5543 1412 5613 Synesius
1454 5543 1568 5601 dies
1613 5542 1780 5600 festos
1815 5540 1899 5609 pie
1937 5553 1991 5595 et
2032 5540 2216 5595 sobrie
2248 5536 2625 5602 celebrandas,
2670 5544 2833 5605 atque
2868 5552 3030 5589 unum
3067 5537 3422 5605 curauit-mque

186 5632 296 5671 esse
315 5618 566 5685 spiritum
601 5614 733 5667 Novi
760 5630 822 5667 ac
860 5613 1072 5668 Veteris
1112 5614 1470 5670 'l‘cslamenti.

255 5755 309 5819 (ξ)
353 5756 585 5816 Dionysio
609 5751 813 5803 Petavio
843 5752 1141 5813 interprete.
