3838 6236
388 272 529 331 1567
1469 280 1740 336 SYNESII
1783 278 2241 338 PTOLEMAIDIS
2282 277 2589 336 EPISCOPI

387 401 538 457 sunt,
561 390 696 446 citra
734 392 899 446 ullam
924 393 1427 462 tergiversationem
1461 401 1630 466 parati
1670 400 1734 453 ad
1764 409 1961 453 nutum
1993 441 2002 463 ι

2109 417 2222 452 εται
2247 415 2259 429 ο
2311 398 2537 468 ἕϐδομον
2566 396 2664 467 μὲν
2696 395 2814 458 ἔτος
2841 394 2942 464 ἤδη
2973 390 3399 464 προπράξασα
3463 381 3714 451 πονηρὲ
3745 399 3748 410 ·

389 483 738 553 imperatoris
775 479 1062 538 fuerimus.
1096 486 1199 540 Sed
1235 487 1503 543 hactenus
1533 488 1960 560 Pentapolitanze

2109 490 2178 541 λλ⁹
2221 488 2410 558 ὥσπερ
2455 487 2589 550 ζῶον
2637 482 3037 566 δυσθανατοῦν,
3085 483 3366 549 ἀνέφερε
3441 475 3562 526 καὶ
3623 489 3717 523 cav-

390 591 480 629 res
514 574 628 627 heri
671 587 736 627 ac
762 573 1164 631 nudiustertius
1200 579 1253 631 in
1283 577 1654 635 Romanorum
1691 591 1961 652 potestate

2109 579 2281 651 θροιζε
2335 577 2429 632 τοῦ
2499 563 2825 648 πνεύματος*
2864 575 2927 630 τὸ
2993 573 3386 642 λειπόμενον.
3459 563 3721 632 Εὔφημος

391 672 734 730 manserunt,
769 666 861 735 qui
906 666 1190 738 deinceps,
1221 673 1423 726 amissa
1457 688 1522 727 ea
1567 681 1749 744 gente,
1785 675 1837 728 in
1874 690 1962 729 re-

2109 671 2322 725 \vucfou
2357 671 2542 740 μνήμη
2597 667 2828 736 ἐνιαυτῷ
2870 667 2961 719 τὸν
3017 664 3204 736 χρόνον
3272 657 3511 727 αὐτῆς
3573 653 3724 705 πλείω

390 755 685 810 censendis
747 756 1088 826 praefecturis
1165 762 1281 815 suis
1341 762 1490 816 illam
1555 767 1958 833 praeterierunt.

2109 762 2355 831 εποίηκε,
2393 761 2513 822 ταῖς
2545 758 2640 828 μὲν
2671 758 2926 811 ἁπάντων
2971 754 3183 815 ἀσπίσι,
3228 753 3400 811 ταῖς
3459 746 3533 798 δὲ
3578 744 3723 796 Οὐνι-
3769 779 3780 804 ,

392 847 628 902 Prorsus
673 864 818 903 nunc
853 849 920 904 de
968 847 1248 920 Pentapoli
1290 860 1474 906 actum
1525 862 1645 921 est;
1697 855 1963 919 funditus,

2109 851 2283 922 αρδῶν
2333 853 2521 921 χερσὶν
2580 850 2659 911 εἰς
2708 847 2826 900 δέον
2881 848 3250 916 χρησάμενος.
3344 834 3725 906 Τοιγαροῦν.

392 941 639 1009 inquam,
665 940 757 994 illa
779 940 1021 994 concidit
1056 960 1068 994 :
1100 957 1222 1009 qua!
1252 944 1418 997 variis
1451 945 1672 1014 quidem
1705 947 1968 1000 aerumnis

2109 941 2302 1010 ναὸολή
2339 959 2421 1003 τις
2464 941 2680 1007 ἐγένετο
2710 937 2804 990 τοῦ
2847 936 3038 990 κακοῦ.
3068 936 3141 988 Οὐ
3174 935 3304 1004 γὰρ
3344 929 3726 999 ἐξεχύθησαν

395 1048 597 1086 annum
638 1032 750 1102 jam
799 1041 925 1087 ante
974 1033 1271 1102 septimum
1329 1033 1634 1090 conﬂictari
1682 1047 1964 1106 coeperat:

2109 1036 2176 1102 λῳ
2209 1031 2403 1103 πλήθει
2437 1034 2580 1084 κατά
2606 1031 2703 1100 τῆς
2731 1028 2948 1100 χώρας·
2997 1029 3074 1090 εἰς
3118 1026 3448 1097 λῃστήρια
3492 1021 3728 1090 μετετά·
3791 1061 3807 1100 ;,

394 1121 488 1176 sed
517 1121 974 1187 quemadmodum
1003 1123 1203 1175 animal
1227 1124 1498 1190 quoddam
1527 1140 1670 1195 aegre
1698 1127 1969 1193 moriens,

2109 1141 2268 1176 αντο·
2323 1122 2620 1192 ἀφήλλοντο
2658 1120 2754 1173 καὶ
2802 1117 3182 1188 προσήλλοντο.
3244 1115 3454 1167 Ἐπεὶ
3489 1111 3561 1162 δὲ
3618 1109 3728 1176 τρὶς

397 1214 480 1267 sic
514 1213 606 1266 illa
640 1213 871 1282 spiritus
920 1215 1005 1268 sui
1047 1214 1309 1282 reliquias
1341 1217 1571 1286 cogebat
1618 1226 1785 1285 atque
1835 1233 1971 1272 con-

2109 1213 2547 1284 ταραταξαμένοις
2589 1212 2770 1274 αὐτοῖς
2820 1209 3171 1280 μετεμέλησε,
3215 1205 3332 1259 νῦν
3384 1204 3519 1271 μὲν
3570 1201 3731 1251 ἱππο-

397 1302 671 1356 trahebat.
712 1301 860 1356 Felix
897 1303 970 1357 sit
1002 1303 1195 1372 Anysii
1233 1306 1515 1358 memoria.
1541 1305 1780 1374 30013
1823 1306 1974 1360 enim

2117 1307 2357 1376 ρατεῖται
2391 1305 2456 1358 τὰ
2497 1303 2674 1365 πεδία,
2703 1302 2798 1355 νῦν
2836 1303 2884 1353 οί
2925 1300 3034 1372 [ῖσ.
3063 1299 3158 1352 νῦν
3191 1297 3277 1368 δὲ]
3341 1294 3730 1365 στρατιῶται

397 1408 602 1446 annum
634 1393 702 1446 ad
748 1393 894 1448 illius
936 1401 1150 1462 tempus
1193 1393 1415 1462 adjecit,
1448 1410 1572 1447 cum
1608 1397 1817 1465 clypeis
1847 1395 1974 1465 qui-

2109 1399 2348 1467 ειχήρεις
2373 1437 2389 1462 ,
2459 1395 2616 1458 ἀλλος
2680 1393 2945 1462 ἀλλαχόσε
2995 1389 3397 1461 διειλημμένοι
3432 1427 3452 1451 ,
3515 1385 3587 1437 τὸ
3639 1383 3730 1435 ἐπὶ
3805 1401 3811 1450 ι

399 1489 520 1539 dent
577 1485 847 1546 omnium,
901 1483 1346 1555 Unnigardarum
1388 1501 1517 1540 vero
1563 1487 1820 1542 manibus
1875 1502 1977 1556 op-

2109 1487 2376 1558 ἱερεαλίου
2417 1485 2586 1538 κακὸν
2631 1484 2766 1554 (99),
2809 1483 2960 1536 οὐδὲν
2989 1481 3238 1550 ἀλλήλοις
3262 1478 3512 1546 ὄφελος
3541 1477 3724 1534 ὄντες,
3810 1488 3811 1510 ι

401 1584 634 1644 portune
674 1583 939 1630 uteretur.
976 1575 1166 1644 Itaque
1195 1576 1448 1632 nonnihil
1472 1576 1642 1632 dilata
1683 1577 1976 1634 calamitas

2109 1593 2160 1630 τι
2188 1577 2265 1648 μὴ
2297 1575 2718 1644 συνετάχθησαν.
2769 1570 3064 1643 Τοιγαροῦν
3100 1572 3170 1623 τὰ
3224 1569 3345 1621 τῶν
3409 1566 3725 1634 πολεμίων

401 1677 505 1722 est.
537 1667 726 1737 Neque
755 1668 902 1721 enim
945 1667 1212 1723 confertis
1242 1670 1420 1739 copiis
1463 1670 1743 1738 regionem
1784 1685 1979 1740 perva-

2109 1669 2312 1739 αμπρά
2333 1669 2381 1722 oi
2413 1667 2641 1737 πέρυσιν
2681 1664 2926 1730 εὔζωνοι,
2964 1664 3053 1716 καὶ
3080 1662 3218 1732 πρὸς
3250 1661 3319 1714 τὸ
3350 1663 3595 1730 φυγεῖν
3635 1659 3725 1708 εὖ·

404 1759 514 1829 gati
540 1768 689 1812 sunt.
717 1757 799 1812 Ad
836 1758 1124 1812 latrocinia
1159 1774 1282 1814 sese
1313 1770 1724 1825 converterunt,
1761 1761 1975 1832 fugien-

2116 1761 2322 1830 ρεπεῖς,
2370 1758 2462 1812 νῦν
2517 1757 2895 1827 πολιορκηταὶ,
2932 1756 3026 1808 νῦν
3071 1756 3140 1806 τὰ
3183 1750 3530 1823 κωμητικὰ
3589 1748 3717 1817 [τεο.
3809 1817 3811 1824 Ι

403 1859 486 1904 tes
542 1847 878 1911 identidem,
934 1857 1099 1918 atque
1158 1851 1542 1918 irrumpentes.
1615 1850 1976 1922 Posteaquam

2109 1848 2326 1921 ιωμικὰ]
2353 1849 2507 1918 τείχη
2545 1846 2886 1909 καθελόντες,
2921 1845 3116 1897 πλατεῖ
3147 1841 3575 1910 στρατεύματι
3623 1838 3718 1896 τὰς
3810 1843 3811 1846 “

403 1954 536 1992 vero
583 1947 667 1992 ter
702 1938 972 1992 instructa
1015 1939 1134 1992 acie
1183 1939 1416 2007 prmliati
1465 1941 1758 1995 consilium
1801 1950 1980 1995 muta-

2109 1944 2262 2006 πόλεις
2314 1941 2828 2013 περιστοιχίζονται.
2887 1939 2951 1990 Τί
2997 1937 3102 2006 γὰρ
3151 1937 3211 1987 οὐ
3265 1931 3717 2005 προύχώρησεν

403 2039 556 2092 runt,
611 2043 758 2082 nunc
813 2043 1039 2098 campos
1090 2029 1250 2099 longe
1308 2030 1525 2100 lateque
1567 2046 1760 2087 omnes
1808 2047 1978 2104 eques

2109 2037 2304 2100 εὑτοῖς;
2353 2032 2712 2104 Αὐσουριανοὶ
2753 2031 2877 2094 τοὺς
2913 2029 3022 2082 τῶν
3054 2026 3291 2099 Θρακῶν
3317 2026 3446 2078 τῶν
3485 2021 3714 2075 ἱππέων

404 2121 640 2184 obtinet,
675 2135 822 2174 nunc
855 2120 999 2173 intra
1032 2120 1234 2176 muenia
1261 2123 1509 2177 conclusi
1554 2123 1753 2179 milites
1787 2131 1981 2180 tenen-

2113 2128 2397 2183 νεδύσαντο
2428 2127 2702 2199 θώρακας,
2744 2127 2804 2178 οὺ
2835 2124 2980 2178 κατὰ
3020 2124 3229 2194 χρείαν,
3270 2123 3396 2176 ἀλλ’
3452 2123 3713 2186 ἐπεγγε-

407 2219 520 2273 tur,
549 2211 641 2263 alii
676 2211 785 2262 alio
813 2209 1087 2279 dissipati.
1126 2210 1273 2279 quod
1316 2213 1562 2268 Cerealis
1590 2221 1833 2282 tempore
1867 2230 1980 2269 ma-

2113 2221 2278 2282 ῶντες
2301 2218 2379 2288 τῷ
2414 2219 2656 2288 σχήματι
2675 2235 2689 2248 ⁸
2726 2219 2844 2279 ταῖς
2872 2215 3261 2286 Μαρκομανῶν
3289 2213 3578 2275 ἀσπίσιν,
3618 2209 3706 2261 ἐπὶ

408 2302 520 2357 lum
553 2303 786 2367 accidit;
819 2317 920 2356 nec
960 2303 1121 2370 utiles
1165 2303 1267 2357 sibi
1300 2319 1424 2359 esse
1458 2305 1692 2360 invicem
1726 2315 1977 2376 possunt,

2109 2312 2291 2376 ούτοις
2324 2311 2626 2380 ἐχρήσαντο
2651 2324 2664 2337 ·
2707 2309 2785 2370 είς
2816 2305 3150 2377 γυμνητικὸν
3183 2304 3412 2357 ἐτέλεσε
3443 2302 3520 2355 τὸ
3569 2302 3707 2352 Ῥω-

407 2394 554 2464 quod
587 2409 698 2448 non
743 2393 957 2448 collecti
1007 2394 1059 2447 in
1095 2409 1261 2448 unum
1292 2411 1355 2450 ac
1400 2398 1577 2451 coacti
1616 2398 1746 2453 sint.
1781 2397 1982 2463 Quam-

2109 2402 2258 2456 ιαίων
2289 2397 2589 2462 ὁπλιτικὸν,
2625 2398 2836 2468 ὲχθρῶν
2867 2397 3002 2467 ἐλέῳ
3036 2396 3134 2466 τὴν
3183 2396 3486 2466 σωτηρίαν
3535 2393 3704 2460 εὑρά-

408 2488 598 2541 obrem
646 2487 890 2542 hostium
939 2501 1027 2541 res
1070 2487 1360 2542 ιυριιιειιιιιι
1400 2502 1462 2542 ac
1507 2502 1785 2558 prosperae
1829 2496 1977 2544 sunt.

2109 2510 2260 2546 ιενοι.
2295 2489 2528 2562 Δακρύω
2569 2491 2698 2552 τοὺς
2743 2488 2962 2558 ἄνδρας,
2991 2488 3091 2540 οὐκ
3125 2486 3378 2550 ὀνειδίζω
3409 2489 3527 2555 τὴν
3561 2499 3706 2550 cmp-

384 2575 513 2643 ’ριιί
563 2579 712 2633 enim
761 2582 1048 2650 superiore
1099 2595 1244 2634 anno
1295 2579 1490 2634 velites
1543 2589 1744 2642 erant,
1797 2588 1852 2633 et
1912 2579 1981 2634 ad

2109 2586 2273 2657 ιοράν.
2304 2584 2368 2637 Τί
2397 2584 2504 2654 γὰρ
2540 2583 2605 2636 ἂν
2632 2583 2891 2652 ἐποίησαν
2921 2582 3000 2644 είς
3033 2577 3417 2633 πολυπλάσιον
3449 2576 3699 2646 πλῆθος,

410 2667 594 2738 fugam
624 2671 888 2741 expediti,
937 2688 1084 2726 nunc
1127 2681 1534 2742 oppugnatores
1561 2670 1779 2724 urbium
1828 2681 1978 2726 sunt.

2109 2677 2131 2728 ιὶ
2149 2676 2288 2729 κατὰ
2308 2675 2472 2746 μέρος
2491 2673 2598 2744 [γρ.
2613 2673 2793 2742 μένος]
2814 2673 2997 2734 αὐτοῖς
3013 2670 3226 2740 ἀθρόοις
3243 2670 3702 2739 ἐντυγχάνοντες

410 2757 569 2813 Nunc
597 2769 956 2830 posteaquam
992 2776 1257 2831 pagorum
1291 2775 1478 2814 muros
1509 2769 1849 2825 everterunt,
1885 2777 1983 2830 op-

2109 2766 2406 2838 )ὺνιγάρδαι
2427 2782 2441 2831 ;
2466 2766 2538 2818 Τὸ
2563 2765 2660 2835 μὲν
2689 2765 2779 2817 ἐπὶ
2797 2764 2874 2834 τῷ
2895 2762 3034 2832 Θεῷ,
3065 2763 3158 2815 καὶ
3186 2765 3254 2830 τῇ
3283 2760 3481 2832 ῥώμῃ,
3504 2761 3614 2813 καὶ
3630 2760 3698 2828 τῇ

410 2849 538 2918 pida
585 2850 705 2920 ipsa
741 2851 894 2920 justo
932 2854 1178 2908 exercitu
1229 2852 1598 2908 circumdant.
1647 2851 1787 2917 Quid
1835 2852 1981 2906 enim

2109 2857 2191 2910 τῶν
2223 2857 2402 2910 ὃπλων
2430 2855 2702 2926 ἐμπειρίᾳ
2736 2854 3013 2918 σώζονται.
3041 2852 3113 2905 To
3135 2852 3194 2904 δὲ
3218 2851 3314 2903 ἐπὶ
3340 2855 3410 2920 τῇ
3444 2866 3702 2920 στρατη-

413 2952 521 2991 non
561 2939 669 2995 illis
712 2942 1019 2998 successit?
1063 2943 1359 2998 Ausuriani
1409 2941 1686 2997 Thracum
1735 2944 1981 3013 equitum

2109 2948 2199 3019 νίᾳ,
2232 2947 2284 3000 τί
2327 2946 2393 3001 ἂν
2439 2945 2533 2999 καὶ
2567 2946 2709 3015 μέγα
2765 2944 2930 2998 κακὸν
2977 2943 3106 3005 τοὺς
3147 2941 3453 3010 πολεμίους
3491 2938 3701 3009 εἰργά-

412 3029 614 3085 loricas
649 3030 965 3096 induerunt,
990 3047 1100 3087 non
1129 3035 1275 3103 quod
1308 3034 1375 3089 iis
1404 3049 1543 3104 opus
1573 3034 1856 3100 haberent,
1887 3035 1980 3090 sed

2109 3055 2266 3102 παντο,
2290 3037 2411 3091 καθ’
2437 3030 2511 3090 ὧν
2539 3037 2600 3089 οὐ
2626 3036 2754 3106 παρ’
2778 3035 3008 3088 ἑκόντων
3026 3032 3275 3102 ἀφίενται
3300 3032 3415 3086 τῶν
3437 3032 3700 3099 ἀγόντων
3801 3021 3803 3028 “

413 3128 475 3173 ιιι
525 3131 779 3176 ornatum
835 3134 998 3194 atque
1057 3125 1302 3180 habitum
1361 3126 1680 3182 irriderent.
1741 3125 1987 3183 Posthaec

2109 3129 2289 3192 ιὺτούς
2314 3144 2327 3158 ·
2379 3128 2494 3180 ἀλλ’
2532 3128 2714 3179 εἴποτε
2755 3125 3040 3180 σκυλάκων
3069 3124 3226 3194 δίκην
3252 3123 3698 3182 ἀποϐιάσαιντο,

415 3211 891 3295 Marcomanorum
925 3217 1134 3287 clypeis
1185 3217 1270 3272 usi
1305 3226 1452 3273 sunt.
1483 3216 1564 3271 Ad
1593 3217 1785 3272 velites
1825 3226 1989 3288 atque

2109 3223 2144 3275 ιί
2186 3220 2244 3273 δὲ
2295 3217 2457 3272 πάλιν
2507 3213 2680 3287 ἦγξαν
2733 3215 2928 3279 αὐτούς
2958 3215 3073 3284 (1)·
3121 3216 3214 3267 καὶ
3247 3213 3694 3271 ἀνεκαλέσαντο,

414 3286 700 3376 expeditos
733 3286 1108 3363 Romanorum
1147 3309 1287 3380 legio
1319 3309 1541 3365 redacta
1573 3317 1680 3370 est.
1724 3309 1818 3378 qui
1863 3286 1988 3378 qui-

2109 3312 2226 3382 πρὶν
2257 3286 2586 3380 κορεσθῆναι
2624 3308 2847 3378 δρόμου,
2888 3308 2983 3359 καὶ
3010 3305 3172 3374 φόνου
3198 3304 3449 3374 θηρείου.
3489 3301 3698 3356 Καίτοι

416 3397 539 3450 dem
571 3397 925 3455 miseratione
969 3399 1208 3454 hostium
1245 3399 1477 3455 salutem
1502 3401 1790 3456 consecuti
1838 3407 1985 3454 sunt.

2109 3407 2190 3459 καὶ
2217 3402 2575 3473 Οὐνιγάρδαις
2617 3399 2879 3470 οὐραγίας
2926 3398 3056 3462 ἔδει,
3105 3396 3199 3450 καὶ
3241 3394 3695 3464 συντεταγμένου

418 3487 702 3556 Eiusmodi
756 3490 1008 3546 homines
1035 3490 1285 3560 deploro,
1335 3493 1706 3546 calamitatem
1746 3508 1858 3547 non
1894 3507 1992 3546 θι-

2109 3495 2521 3566 ττρατεύματος.
2574 3492 2718 3544 Ἔδει
2763 3491 2892 3560 γὰρ,
2934 3484 3107 3558 οἶμαι,
3138 3487 3448 3555 φάλαγγος,
3495 3486 3697 3552 ὥσπερ

418 3577 644 3647 probro.
680 3579 822 3644 Quid
855 3581 999 3634 enim
1033 3580 1297 3637 adversus
1335 3582 1507 3635 multo
1539 3583 1774 3648 maiores
1807 3583 1994 3652 copias

2109 3585 2318 3657 ενεργοῦ
2343 3584 2636 3655 μαχαίρας,
2658 3583 2716 3634 τὸ
2741 3581 2838 3651 μὲν
2859 3579 3219 3649 ἀκμαιότερον
3241 3575 3690 3648 προϐεϐλῆσθαι.

422 3671 666 3728 facerent
696 3673 1049 3744 Unnigardaa;
1073 3677 1202 3730 dum
1241 3676 1509 3732 confertis
1545 3678 1649 3747 ipsi
1678 3679 1730 3730 in
1765 3677 1994 3732 lacinias

2109 3677 2152 3730 :b
2189 3679 2245 3729 δὲ
2285 3674 2683 3746 στιϐαρώτερον
2731 3670 3146 3725 ἐπελαύνεσθαι.
3187 3669 3380 3731 Οὕτως
3423 3671 3462 3740 ἡ
3503 3665 3693 3736 πληγὴ

421 3765 657 3834 dispersi
706 3769 1097 3822 occurrerent?
1137 3767 1326 3837 Itaque
1375 3777 1642 3837 quantum
1687 3769 1738 3822 iu
1783 3770 1894 3823 Deo
1942 3777 1995 3823 et

2109 3765 2378 3837 εομωτέρα
2407 3765 2634 3832 γίνεται.
2662 3762 2839 3824 Ὅλως
2869 3762 2924 3813 δὲ
2953 3761 3014 3814 τὸ
3051 3759 3255 3829 πλῆθος
3282 3757 3473 3811 αὐτῶν
3509 3757 3690 3822 ὀλίγον

421 3855 623 3909 virtute
679 3866 843 3926 atque
899 3873 1177 3913 armorum
1220 3859 1413 3928 peritia
1446 3859 1592 3920 fuit.
1642 3860 1776 3913 salvi
1833 3867 1997 3928 atque

425 3944 729 4002 incolumes
781 3956 927 4001 sunt.
962 3948 1236 4014 Quantum
1275 3966 1406 4005 vero
1454 3951 1520 4004 ad
1564 3950 1730 4018 duces
1778 3951 1994 4013 attinet,

424 4051 534 4106 quo
581 4037 802 4093 tandem
849 4040 1056 4110 ingenti
1082 4042 1225 4096 malo
1267 4041 1480 4096 allicere
1516 4044 1702 4098 hostes
1748 4050 1993 4110 possent,

427 4128 481 4181 in
520 4143 660 4197 quos
685 4129 778 4197 qui
807 4130 955 4198 ipsos
999 4130 1229 4194 ducunt,
1261 4146 1369 4184 non
1396 4132 1630 4186 libenter
1658 4146 1754 4185 eos
1798 4131 1999 4183 immit—

429 4227 570 4281 tunt,
613 4219 708 4274 sed
757 4219 802 4276 si
853 4225 1074 4290 quando
1117 4222 1428 4276 catulorum
1474 4223 1647 4275 instar
1691 4221 1996 4290 eruperint,

410 4298 505 4363 illi
556 4326 775 4366 rursum
828 4312 979 4382 ipsos
1031 4321 1157 4368 ante
1216 4313 1520 4381 reducunt;
1581 4329 1646 4368 ac
1699 4321 1993 4377 revocant,

427 4416 592 4468 quam
625 4417 746 4457 sese
773 4416 939 4458 cursu
966 4417 1030 4456 ac
1059 4401 1232 4456 ferina
1259 4403 1406 4458 caede
1433 4403 1638 4458 satiare
1677 4411 1996 4473 potuerunt.

429 4489 754 4560 Quanquam
784 4502 1022 4546 extremo
1053 4493 1216 4546 etiam
1242 4493 1458 4563 agmine
1491 4501 1638 4549 esset
1661 4509 1800 4563 opus
1830 4493 2002 4548 Unni-

429 4583 638 4653 gardis,
688 4583 1058 4655 ordinatoque
1107 4586 1380 4640 exercitu.
1429 4584 1661 4655 Oportet
1703 4587 1872 4651 enim,
1922 4587 2003 4640 uti

430 4674 663 4742 opinor,
715 4675 1037 4745 phalangis,
1074 4677 1224 4730 velut
1267 4676 1431 4730 validi
1475 4676 1761 4746 cujusdam
1815 4676 2000 4742 ensis,

433 4763 758 4832 vegetiorem
793 4764 1013 4833 quidem
1049 4773 1260 4833 partem
1294 4766 1348 4820 in
1379 4765 1580 4828 fronte,
1605 4765 1912 4835 graviorem
1947 4767 2002 4820 in

434 4853 696 4908 subsidiis
735 4854 930 4908 locari.
996 4855 1074 4908 Ita
1117 4856 1262 4911 enim
1323 4857 1490 4911 altius
1523 4858 1682 4928 plaga
1732 4865 2000 4927 penetrat.

433 4944 632 5009 Atque,
674 4950 734 4996 ut
775 4959 886 4997 uno
910 4945 1078 4998 verbo
1107 4944 1310 5002 dicam.
1344 4945 1639 4998 multitudo
1679 4946 1858 5001 omnis
1884 4946 2005 5001 illo-

435 5048 557 5085 rum
605 5034 829 5101 paucior
871 5042 955 5090 est
995 5051 1157 5105 quam
1208 5044 1267 5090 ut
1311 5037 1508 5092 bellum
1553 5037 1696 5092 istud
1731 5043 2006 5093 sustinere

437 5123 634 5190 possit.
665 5123 818 5189 Quod
843 5141 910 5180 ne
935 5126 990 5180 in
1013 5136 1199 5183 nostra
1224 5127 1445 5197 quidem
1471 5127 1694 5198 regione
1719 5128 2008 5184 commode

2103 3857 2222 3910 ἐστὶ
2258 3856 2394 3927 πρὸς
2434 3855 2493 3908 τὸ
2538 3853 2930 3924 διαπολεμῆσαι
2977 3852 3068 3903 τὸν
3099 3850 3377 3919 πόλεμον.
3435 3851 3541 3910 ⁸ος
3584 3843 3688 3898 οὐδ’

2104 3948 2171 4001 ἂν
2210 3948 2267 4000 ὲν
2307 3949 2418 4009 τοῖς
2452 3945 2573 3998 καθ’
2603 3947 2750 4014 ἡμᾶς
2793 3945 2976 4005 τόποις
3015 3938 3444 4009 διαπολεμηθείη
3481 3937 3684 3998 καλῶς.

2115 4036 2253 4090 Ἀλλ’
2281 4037 2329 4088 εἰ
2371 4036 2444 4106 μή
2465 4053 2547 4098 τις
2581 4036 2660 4098 εἰς
2681 4035 2777 4104 τὴν
2804 4033 3025 4087 ἐκείνων
3059 4031 3400 4100 Οῦνιγάρδας
3432 4029 3685 4082 διαϐιϐά-

2108 4144 2287 4193 σειεν,
2317 4129 2409 4180 ἐπὶ
2440 4127 2656 4189 τούτους
2698 4127 2778 4179 δεῖ
2823 4126 3058 4194 πλήθους
3104 4122 3452 4177 ἑκατοστύων
3507 4120 3688 4174 τεττάο

2108 4236 2215 4290 ρων
2241 4236 2255 4250 ·
2313 4220 2511 4288 μᾶλλον
2562 4220 2617 4272 δὲ
2677 4219 2940 4288 πρότερον
2987 4215 3094 4268 ἔδει
3140 4213 3395 4268 τοσούτου
3447 4212 3684 4281 πλήθους

2099 4313 2201 4368 ,καὶ
2235 4311 2560 4382 στρατηγοῦ,
2587 4310 2714 4381 πρὶν
2745 4311 2890 4379 ἡμᾶς
2918 4307 3160 4377 οἴχεσθαι
3194 4305 3415 4375 κομιδῇ,
3449 4305 3585 4373 πρὶν
3612 4305 3684 4364 εις

2102 4399 2355 4452 τοσοῦτον
2376 4399 2671 4468 αὐξηθῆναι
2700 4401 2809 4460 τοῖς
2835 4397 3109 4466 πολεμίοις
3139 4394 3208 4447 τὰ
3231 4394 3562 4464 πράγματα.
3596 4393 3682 4454 Εἰς

2101 4489 2170 4542 τὰ
2200 4492 2482 4544 τελευταῖα
2507 4490 2699 4552 ταῦτα,
2735 4489 2828 4541 καὶ
2850 4489 3100 4554 γυναῖκες
3123 4484 3678 4555 συνεστρατεύσαντο.

2103 4578 2277 4645 Εἶδον,
2308 4575 2446 4634 εἶδον
2475 4581 2642 4650 συχνὰ
2672 4579 2784 4650 [77).
2815 4576 3024 4648 συχνοὶ]
3057 4578 3292 4644 γυναῖκα
3339 4573 3683 4645 μαχαιροφό-

2108 4690 2201 4744 ρον
2228 4672 2386 4744 ὀμοῦ,
2423 4673 2516 4726 καὶ
2553 4671 2728 4741 βρέφη
2761 4668 3168 4740 τιθηνουμένην.
3200 4665 3297 4729 Τίς
3320 4665 3380 4718 οὑ
3417 4664 3576 4734 ζηλοί
3599 4664 3682 4716 τὸν

2110 4764 2390 4818 ἀκίνδυνον
2402 4763 2476 4833 (2)
2510 4763 2742 4832 πόλεμον
2768 4779 2782 4826 ;
2817 4762 2988 4832 ’Υπὲρ
3016 4757 3254 4830 ἐμαυτοῦ
3276 4756 3679 4826 πεφοϐημένος,

2111 4856 2250 4926 ὑπὲρ
2270 4856 2378 4910 τῶν
2403 4854 2607 4924 καιρῶν
2631 4853 2742 4924 [γρ.
2762 4849 3097 4921 Καισάρων],
3120 4849 3261 4920 ὑπὲρ
3282 4848 3384 4918 τῆς
3407 4847 3682 4907 πολιτείας

2111 4945 2456 5018 αἰσχύνομαι.
2511 4947 2573 4998 Ὢ
2602 4945 2698 4998 τοῦ
2754 4944 2920 4998 παλαι
2961 4941 3248 5012 Ῥωμαίων
3295 4941 3678 5011 φρονήματοςι

2111 5040 2159 5093 οί
2197 5039 2372 5093 πάντα
2424 5035 2695 5106 πανταχοῦ
2737 5035 3023 5098 νικῶντες,
3052 5033 3102 5086 οἱ
3141 5031 3241 5094 τὰς
3265 5032 3531 5102 ἠπείρους
3566 5049 3684 5101 τρο-

2113 5131 2295 5194 παίοις
2460 5125 2746 5199 τροπαίας]
2779 5125 3129 5195 συνάψαντες,
3147 5123 3243 5176 νῦν
3283 5123 3397 5192 [ῖσ.
3433 5122 3506 5173 τὰ
3533 5123 3680 5190 ηπει-
3782 5120 3801 5132 ’

1641 5261 1806 5321 DLON
1816 5305 1829 5317 .
1911 5262 2186 5318 PETAVII
2249 5261 2484 5318 NOTJE.

513 5376 623 5497 ςθρ)
639 5376 850 5500 1Ἱέιᾍὲπὶ
878 5381 1198 5446 Κερεαλίου
1227 5383 1438 5436 κακόν.
1476 5382 1551 5438 De
1573 5383 1782 5438 Cereali
1809 5383 1932 5438 vide
1962 5383 2015 5436 in

441 5461 559 5500 eois
593 5485 605 5498 .
747 5486 759 5499 .

480 5462 605 5513 plSl.
639 5462 759 5500 ιου.

515 5517 591 5587 (1)
626 5515 814 5568 Πάλιν
865 5513 1058 5585 ἦγξαν
1097 5520 1336 5587 αὐτούς.
1367 5521 1507 5586 Quid
1555 5524 1601 5577 si
1644 5521 1814 5587 ῐῦξαν,
1847 5523 1901 5576 id
1935 5529 2018 5576 cst

428 5583 610 5669 'sibjl?
627 5583 1020 5669 tamenin}?
1051 5597 1145 5669 ειμι
1173 5583 1346 5669 se;

521 5650 596 5721 (‘2)
627 5654 720 5718 Τις
753 5658 825 5708 οὐ
851 5655 1020 5721 ζηλοῖ
1048 5656 1150 5709 τὸν
1178 5650 1522 5715 ἀκίνδυνοινκ
1559 5661 1650 5716 Sic
1681 5678 1801 5751 cu’m
1834 5661 2015 5716 locum

2121 5383 2474 5455 interpretor,
2507 5391 2564 5436 ut
2605 5387 2808 5455 tantam
2836 5381 2894 5455 in
2940 5379 3192 5455 hostibus
3225 5377 3401 5455 fuisse
3439 5375 3680 5455 liduciam

2120 5447 2290 5516 dicat,
2323 5462 2384 5506 ut
2413 5455 2529 5521 ipse
2551 5451 2714 5503 etiam
2741 5451 3017 5523 mulieres,
3036 5448 3194 5523 quasi
3226 5447 3296 5500 ad
3320 5447 3679 5523 certissimam

2121 5524 2356 5587 pratdam
2387 5518 2696 5586 bellumque
2731 5520 2951 5589 periculi
2986 5518 3164 5572 omnis
3201 5532 3422 5584 expers,
3454 5531 3579 5568 cum
3610 5518 3680 5568 in-

2118 5591 2361 5647 fantibus
2390 5591 2746 5662 perrexcrint.
