3838 6236
95 268 236 322 1569

1499 277 1538 328 L'
1552 278 1582 328 .-\
1593 275 1950 332 TASTASIS.

3227 285 3363 339 1ΞὶἹο

89 387 303 458 puniri
337 386 594 458 τρόπαια,
633 388 708 451 ώς
764 406 914 460 παρα
955 391 1030 444 Μ.
1065 391 1268 460 Τυρίῳ.
1317 394 1373 446 Δ.
1423 391 1553 464 κα,]
1583 394 1682 446 ὐπὸ

1791 396 2165 451 administrari
2212 405 2410 468 potest.
2449 399 2610 472 381
2645 385 2751 457 Sed
2771 401 2876 457 nisi
2914 398 3055 456 forte
3087 401 3360 471 quispiam

85 479 377 548 δυστήνου,
428 479 523 531 καὶ
567 479 852 550 νομαδίτου
902 481 1089 548 γένους
1143 483 1508 537 κινδυνεύουσι
1564 488 1683 548 ταῖς

101 568 374 640 Ἑλληνίσι
414 569 618 634 Λιϐύας
651 571 1088 642 προσαποϐαλεῖν
1109 615 1121 633 ,
1152 575 1245 628 καὶ
1294 574 1391 646 τὴν
1427 578 1555 646 παρ’
1585 575 1682 628 Λί-

89 679 305 729 γυπτον
341 657 768 731 Ἀλεξάνδρειαν.
809 661 1016 715 Ἐκεῖνο
1047 661 1229 733 μεῖζον
1263 666 1340 728 εἰς
1371 665 1528 733 λόγον
1550 684 1685 737 χρη-

93 752 306 820 μάτων,
339 750 494 804 τοῦτο
529 750 584 803 δὲ
609 753 687 814 εἰς
713 749 957 817 εὐδοξίαν
985 749 1084 804 οὐκ
1105 751 1341 814 ἔλαττον,
1360 753 1414 805 ετ
1442 771 1524 817 τις
1544 750 1684 807 οἶδεν

88 843 468 914 αἰσχύνεσθαι,
506 843 600 897 καὶ⁷
627 843 862 896 ποιεῖταί
890 861 1009 897 τινα
1047 843 1202 912 λόγον
1235 844 1328 897 τοῦ
1361 847 1678 916 πρέποντος.

94 939 164 990 Ὢ
201 936 296 989 τοῦ
333 937 697 1007 φρονήματος,
737 937 858 1005 μεθ’
882 936 1007 989 ὅσου
1033 935 1133 1006 τὴν
1155 936 1338 1008 χώραν
1361 937 1686 1008 σεσαγηνεύ·

90 1051 225 1086 κασι
257 1035 269 1086 l
304 1034 527 1096 Τούτοις
563 1033 714 1086 οὐδὲν
747 1033 869 1086 οὐτε
904 1035 1027 1104 ὅρος
1063 1034 1262 1088 ἄϐατον
1289 1036 1532 1105 γέγονεν,
1561 1037 1684 1091 οὐτε

87 1123 354 1196 φρούριον
377 1122 632 1195 ἐρυμνόν·
657 1125 835 1176 πᾶσαν
862 1125 1160 1194 ὑπεξῆλθον
1191 1125 1299 1197 [τσ.
1323 1126 1540 1200 κώμην]
1577 1130 1680 1182 πᾶ-

90 1235 195 1269 σαν
227 1217 652 1287 διηρευνήσαντο
677 1230 694 1247 ⁶
737 1217 918 1269 πᾶσαν
967 1217 1183 1286 ἡλικίαν
1214 1217 1324 1288 [Yon
1361 1219 1559 1292 οἰκίαν]
1590 1223 1682 1290 ὴν-

86 1309 502 1379 δραποδίσαντο.
557 1308 729 1360 Πάλαι
765 1310 893 1361 ποτὲ
940 1310 1046 1361 τῶν
1085 1311 1214 1380 παρ’
1248 1311 1474 1380 Ἕλλησι
1527 1313 1683 1380 λογο-

86 1402 323 1471 γράφων
377 1400 598 1462 ἀκούω,
636 1399 990 1454 ΓΥΝΛΙΚΛΣ
1050 1402 1172 1454 ΚΑΙ
1227 1403 1546 1456 ΠΑῘΔΑΙῚΑ
1583 1405 1683 1472 (5),

87 1493 535 1545 ΓΝΩΡΙΣΜΑΤΑ
575 1492 711 1544 ΤΩΝ
756 1492 1164 1545 ΙΙΟΡΘΗΣΕΩΝ
1219 1494 1680 1550 ΥΠΕΛΕΙΠΕΤΟ.

101 1583 268 1636 Ἀλλὰ
301 1583 451 1652 παρὰ
501 1583 672 1636 ταῦτα
734 1583 968 1653 μάλιστα
1005 1585 1195 1652 γέγονε
1231 1586 1584 1641 Πενταπόλει.
1620 1588 1684 1641 Τί

86 1674 204 1745 γὰρ
228 1675 579 1744 Αὐσουριανῷ
599 1672 816 1726 κάλλιον
844 1674 1030 1746 κτῆμα
1055 1675 1278 1743 γυναίου
1302 1677 1395 1729 καὶ
1426 1677 1679 1749 βρέφους

90 1765 196 1818 "Iv"
229 1767 284 1818 αί
316 1765 414 1834 μὲν
451 1765 634 1828 αὐτοῖς
683 1765 939 1828 τίκτοιεν,
991 1767 1039 1818 ot
1089 1765 1180 1830 δὲ,
1221 1766 1308 1820 ἵνα
1358 1767 1682 1838 αὐξηθέντες

90 1856 492 1928 στρατεύοιντο.
526 1853 682 1910 Εῦνοι
717 1857 826 1928 γὰρ
846 1857 965 1910 ἀντὶ
986 1857 1094 1910 τῶν
1109 1857 1377 1912 τεκόντων
1413 1862 1526 1923 τοῖς
1556 1859 1652 1930 θρέ
1671 1890 1682 1898 -

86 1949 228 2016 ψασι
261 1948 519 2016 γίνονται.
548 1949 612 2000 Ὠ
640 1950 884 2020 πονηρᾶς
908 1949 1166 2012 ἀποικίας
1195 1950 1261 2020 ἣν
1287 1950 1677 2020 άποικίζομενί

93 2041 324 2105 Ἀγεται
359 2041 549 2109 νεότης
587 2040 951 2110 αἰχμάλωτος.
984 2041 1052 2094 τὰ
1096 2041 1354 2112 τάγματα
1385 2041 1493 2094 τῶν
1525 2042 1684 2095 πολε-

91 2132 236 2202 μίων
263 2132 590 2202 αὐξήσουσα.
618 2133 772 2196 Ἥξει
801 2131 972 2201 δῆμος
997 2131 1089 2186 ἐπὶ
1108 2132 1205 2203 τὴν
1233 2132 1558 2201 ἐνεγκοῦσαν
1585 2150 1682 2186 πο-

87 2225 299 2294 λέμιος.
359 2225 528 2295 Κερεῖ
575 2225 792 2287 νεανίας
849 2224 946 2295 τὴν
1001 2225 1125 2294 γῆν,
1164 2226 1230 2296 ἠν
1281 2225 1565 2296 μειράκιον
1603 2225 1682 2278 ἔτι

92 2317 236 2388 μετὰ
269 2316 363 2370 τοῦ
399 2315 606 2387 πατρὸς
645 2316 1019 2386 ἐξειργάσατο.
1057 2316 1173 2370 Νῦν
1204 2319 1260 2370 ὲν
1287 2316 1424 2388 ὁδῷ·
1456 2317 1550 2369 νῦν
1578 2318 1682 2370 ἁπ-

88 2412 316 2478 άγεταιο
355 2409 449 2462 νῦν
499 2409 579 2462 ἔτι
617 2408 948 2479 δεσμῶτιςή
998 2409 1387 2472 Πενταπόλεως
1431 2408 1678 2480 ὲφήϐεια.

101 2505 329 2576 Ἀμύνει
374 2504 430 2557 δὲ
459 2503 655 2566 οὐδεὶς,
703 2503 823 2556 οὐδὲ
871 2502 1114 2555 δύναται.
1159 2503 1348 2556 Καίτοι
1376 2503 1507 2570 φασὶ
1549 2517 1682 2572 προ-

89 2593 380 2665 θυμεῖσθαι
407 2594 499 2647 τὸν
547 2595 870 2666 στρατηγόν⁹
909 2592 1045 2646 ἀλλὰ
1076 2594 1137 2645 οὐ
1173 2593 1281 2664 γὰρ
1330 2593 1491 2646 ὲῶσιν
1533 2592 1682 2646 Ἀλε-

89 2685 361 2757 ξανδρέων
393 2687 441 2738 οἱ
475 2688 620 2756 κακῇ
657 2685 820 2756 μοίρᾳ
855 2685 1242 2748 Πενταπόλεως
1273 2686 1333 2738 ὲν
1360 2685 1496 2756 αὐτῇ
1521 2701 1684 2754 στρα-

87 2777 436 2847 τευσάμενοι.
469 2775 672 2847 Τί’γὰρ
704 2776 770 2830 ἄν
801 2793 885 2838 τις
922 2777 1227 2829 αἰτιάσαιτο
1263 2775 1352 2828 τὸν
1391 2776 1631 2830 ἀναίτιον
1662 2795 1677 2842 ;

88 2861 136 2936 ᾧ
166 2869 261 2922 καὶ
290 2868 466 2939 γῆρας
496 2867 654 2938 βαθὺ,
692 2869 786 2921 καὶ
830 2868 986 2920 νόσου
1029 2867 1302 2938 καταϐολὴ
1329 2867 1682 2938 πολυχρόνιος

90 2958 194 3026 τὴν
231 2955 559 3026 συγγνώμην
611 2956 1052 3025 ὲμνηστεύσατος
1099 2957 1290 3009 Καίτοι
1335 2958 1532 3027 ῥᾷστον
1589 2953 1676 3028 ἦν,

1788 487 1841 540 in
1893 488 2112 541 illorum
2158 504 2352 560 agmen
2401 491 2745 563 Uttnigat‘das
2789 495 3070 557 immittat,
3124 505 3365 563 quatuor

1785 577 2050 636 adversus
2094 596 2190 636 eos
2240 585 2512 640 centuriis
2552 602 2691 655 opus
2735 595 2857 652 est;
2907 588 2987 642 vel
3022 597 3138 642 erat
3181 589 3362 658 potius

1786 677 1942 723 tanto
1993 687 2224 727 numero
2254 688 2413 742 opus,
2459 691 2523 731 ac
2560 680 2717 740 duce,
2766 687 3062 747 antequam
3115 679 3361 735 funditus

1786 761 2179 830 periissemus,
2230 776 2520 836 antequam
2570 785 2741 838 usque
2791 771 2929 825 adeo
2977 771 3217 825 hostium
3272 788 3362 828 res

1785 860 1959 906 auctae
1982 867 2046 907 ac
2079 853 2418 911 conﬁt-tutata:
2449 859 2704 913 fuissent.
2753 859 2808 913 In
2843 861 2948 915 hoc
2985 863 3179 916 ultimo
3219 847 3371 918 bello.

1785 944 1918 1013 ipsae
1969 946 2132 1000 etiam
2183 949 2444 1004 mulieres
2507 952 2575 1004 ad
2637 953 3039 1022 expeditionem
3105 955 3364 1024 profecta:

1785 1045 1936 1090 sunt.
1970 1035 2117 1103 Vidi,
2157 1037 2404 1109 inquam,
2438 1057 2817 1112 saepenumero
2849 1046 3030 1115 gladio
3057 1048 3363 1102 aceiuctam

1785 1127 2093 1195 mulierem,
2147 1138 2314 1201 atque
2359 1148 2464 1185 una
2515 1133 2778 1188 infantem
2833 1151 2994 1190 suum
3045 1137 3362 1192 laetantem.

1784 1217 1919 1284 Quis
1963 1236 2220 1276 securum
2257 1222 2394 1276 adeo
2425 1224 2626 1278 bellum
2660 1241 2769 1279 non
2800 1226 3137 1281 fortunatum
3165 1229 3363 1297 putet?

1788 1310 1956 1366 Pudet
2002 1329 2086 1368 me
2140 1323 2193 1368 et
2245 1315 2381 1368 mihi
2439 1317 2566 1384 ipsi,
2601 1324 2656 1371 et
2718 1318 2973 1387 tempori,
3034 1329 3087 1373 et
3147 1320 3360 1390 reipub.

1787 1402 2061 1458 timuisse.
2093 1403 2137 1458 Ο
2162 1414 2376 1460 veteres
2409 1407 2532 1461 illos
2573 1403 2946 1462 Romanorum
2989 1410 3235 1478 spiritus,
3268 1412 3361 1481 qui

1784 1496 1986 1565 ubique
2033 1497 2216 1551 omnia
2289 1497 2564 1555 debellare
2623 1501 2916 1564 solebant,
2973 1503 3066 1571 qui
3133 1503 3362 1559 dissitas

1783 1593 2130 1645 continentes
2176 1592 2398 1660 tropaeis
2451 1593 2568 1646 suis
2623 1595 3052 1661 conjuuxeruut,
3107 1612 3253 1650 nunc
3294 1597 3364 1651 ab

1786 1679 1985 1733 infelici
2018 1681 2378 1750 dispersaque
2401 1690 2563 1750 gente
2593 1698 2659 1736 eo
2693 1684 2899 1738 redacti
2941 1697 3090 1748 sunt,
3133 1696 3189 1740 ut
3219 1686 3364 1756 peri-

1784 1771 1968 1824 culum
2004 1771 2075 1826 sit
2104 1786 2172 1826 ne
2214 1781 2410 1842 praeter
2440 1771 2660 1828 Graecas
2707 1775 2894 1836 urbes,
2936 1777 3100 1830 etiam
3150 1776 3364 1832 Africa-

1785 1879 1907 1926 nas,
1949 1864 2232 1934 ipsamque
2262 1865 2418 1929 adeo,
2448 1882 2572 1934 qua:
2617 1868 2671 1921 in
2719 1867 2955 1940 IEgypto
2982 1880 3086 1932 est,
3123 1871 3365 1924 Alexan-

1783 1951 1960 2005 driam
2007 1953 2260 2007 amittant
2291 1955 2304 2007 l
2335 1953 2432 2009 Est
2485 1955 2618 2009 illttd
2649 1957 2867 2026 quidem
2906 1959 3050 2027 quod
3098 1958 3164 2012 ad
3200 1974 3364 2028 pecu-

1784 2042 2001 2095 niarum
2043 2044 2312 2098 rationem
2364 2045 2582 2110 attinet,
2636 2047 2865 2116 majoris
2910 2051 3170 2103 momenti
3207 2067 3222 2106 :
3257 2052 3362 2105 hoc

1783 2145 1912 2184 vero
1957 2131 2025 2184 ad
2078 2133 2427 2201 splendorem
2481 2149 2545 2188 ac
2590 2135 2822 2204 gloriam
2886 2152 2993 2190 non
3043 2139 3260 2200 minus,
3314 2141 3359 2194 si

1783 2224 1906 2292 quis
1949 2225 2277 2280 erubescere
2308 2226 2472 2280 modo
2505 2229 2684 2288 novit,
2718 2242 2780 2281 ac
2827 2228 3044 2282 decoris
3088 2230 3358 2284 rationem

1784 2313 1950 2366 ullam
1988 2321 2153 2382 atque
2194 2314 2502 2371 honestatis
2550 2316 2736 2370 habet.
2793 2315 2936 2371 Proh
2967 2317 3253 2374 audaciam
3298 2321 3362 2373 il-

1784 2403 1914 2466 lant,
1950 2419 2057 2472 qua
2095 2403 2217 2457 freti
2255 2405 2408 2460 velut
2431 2405 2640 2462 retibus
2670 2407 2981 2461 universam
3019 2410 3360 2478 provinciam

1783 2497 2018 2568 amplexi
2078 2499 2244 2553 sunt!
2274 2496 2471 2554 Nullus
2513 2499 2579 2554 iis
2623 2513 2853 2554 accessu
2919 2515 3080 2555 mons
3130 2501 3358 2564 arduus,

1784 2589 1994 2643 nullum
2051 2590 2189 2645 satis
2229 2589 2502 2644 munitum
2553 2591 2838 2644 castellum
2891 2591 3038 2644 fuit:
3081 2593 3357 2663 regionem

1781 2696 1997 2737 omnem
2046 2681 2351 2752 pervagati,
2395 2695 2611 2736 omnem
2652 2685 2985 2750 perserutati
3035 2692 3185 2745 sunt,
3231 2691 3362 2738 mta-

1783 2779 2005 2842 temque
2027 2788 2244 2827 omnem
2279 2773 2332 2827 in
2377 2773 2701 2828 servitutem
2739 2773 3087 2843 redegerunt.
3122 2773 3260 2828 Olim
3295 2792 3362 2830 ex

1781 2862 2170 2916 historicorum
2217 2876 2450 2917 numero
2486 2862 2561 2916 ita
2599 2863 2930 2917 scribentem
2982 2863 3170 2918 nescio
3200 2880 3360 2932 quem

1783 2953 1988 3009 audio:
2025 2951 2326 3008 FEMINAS
2374 2952 2462 3006 ET
2512 2952 2887 3008 PUERULUS
2930 2953 3362 3010 EXCIDIORUII

90 3048 144 3099 εί
172 3045 491 3115 στρατηγῶν
517 3045 922 3115 ηὐτυχήσαμεν,
955 3045 1304 3114 ὑπερήφανον
1345 3045 1679 3115 στράτευμα,

1787 3043 1870 3098 AC
1919 3041 2458 3098 SUBVERSIONUM
2503 3042 2938 3100 ARGUMENTU
2984 3043 3362 3111 RELINQUE-

90 3137 188 3188 καὶ
211 3135 582 3205 προσκεκοφὸς
627 3133 704 3204 τῷ
741 3132 894 3203 Θεῷ,
924 3133 1079 3201 δίκην
1109 3131 1362 3195 ἀσεϐείας
1392 3132 1682 3203 είσπραξα-

92 3227 240 3280 σθαι.
267 3228 442 3280 Ποίων
473 3226 633 3298 ἱερῶν
662 3221 826 3286 οὗτοι,
857 3226 1026 3278 ποίων
1056 3225 1219 3277 ὁσίων
1245 3224 1563 3292 ὲφείσαντος
1605 3225 1678 3278 Οὐ

93 3316 365 3386 πολλαχοῦ
406 3316 498 3369 τοῦ
523 3316 631 3369 τῶν
661 3315 946 3386 Βαρκαίων
972 3314 1153 3367 πεδίου
1181 3315 1246 3367 τὰ
1276 3316 1549 3385 νεοσκαιρῆ
1575 3315 1682 3367 τῶν

95 3409 399 3479 μνημάτων
438 3407 716 3477 ἀνέχωσαν
743 3424 756 3469 ;
793 3407 867 3460 Οὐ
907 3405 1057 3476 παρὰ
1089 3406 1292 3458 τούτων
1326 3407 1378 3458 αἱ
1404 3406 1680 3476 πανταχοῦ

91 3500 196 3569 τῆς
225 3500 315 3569 ὐφ’
352 3500 500 3569 ἡμᾶς
543 3499 919 3569 Ἀμπελίτιδος
963 3497 1250 3568 ἐκκλησίαι
1300 3496 1678 3568 πυρίκαυστοι,

93 3593 194 3644 καὶ
239 3590 490 3662 ὲρείπια;
524 3590 599 3642 Οὐ
647 3590 746 3652 τὰς
793 3591 890 3659 μὲν
917 3588 1198 3658 τραπέζας
1250 3588 1349 3651 τὰς
1392 3588 1562 3656 ἱερὰς,
1607 3588 1683 3648 ὡς

97 3683 382 3753 βεϐήλους,
413 3681 507 3734 ἐπὶ
543 3681 845 3753 κρεανομίᾳ
879 3679 1206 3749 παρέθεντο*
1238 3678 1306 3730 τὰ
1354 3678 1409 3731 δὲ
1448 3679 1682 3747 μυστικὰ

96 3775 301 3844 σκεύη,
343 3774 411 3826 τὰ
465 3772 948 3842 λελειτουργηκότα
1003 3772 1068 3841 τῇ
1118 3770 1482 3840 δημιουργικῇ
1529 3785 1683 3820 σπον-

95 3868 216 3937 δείᾳ
249 3867 323 3934 (4)
376 3863 588 3933 τελετῇ,
623 3863 868 3932 δαίμοσιν
898 3863 978 3924 εἰς
1026 3863 1125 3930 τὴν
1154 3859 1422 3930 πολεμίαν
1461 3857 1681 3929 κομίζε-

97 3975 190 4012 ται
224 3976 239 4025 ;
271 3958 336 4010 Τί
387 3956 589 4009 τούτων
633 3953 856 4006 ἀνεκτὸν
883 3955 961 4016 είς
1007 3953 1175 4022 ἀκοὴν
1224 3951 1396 4004 ἐλθεῖν
1425 3949 1625 4020 εὐσεϐῆ
1665 3963 1681 4014 ;

100 4050 293 4108 Ὅστις
321 4045 430 4116 γὰρ
461 4045 600 4109 ἀξιοῖ
629 4043 846 4112 μνήμης
871 4041 906 4095 ἃ
931 4041 1251 4095 κατέσεισαν
1291 4040 1543 4111 φρουρία,
1584 4040 1682 4110 τὴν

100 4135 506 4202 σκευαγωγίαν,
546 4132 615 4184 τὰ
669 4131 873 4184 ἔπιπλα
900 4171 913 4193 ,
943 4129 1042 4191 τὰς
1077 4128 1224 4198 βοῦς,
1269 4129 1369 4192 τὰς
1421 4129 1522 4192 δίς,
1560 4129 1682 4181 ὅσαι

98 4229 212 4281 τῶν
260 4226 607 4297 βαρϐαρικῶν
654 4225 962 4296 λῃστηρίων
1011 4219 1151 4294 ἦσαν
1200 4222 1682 4292 ὲγκαταλείμματα

99 4323 222 4383 ταῖς
275 4318 546 4387 φάραγξιν
579 4315 1182 4386 ἐγκατακρυπτόμεναι,
1232 4315 1290 4366 ἑν
1344 4313 1682 4386 τηλικούτοις

1785 3134 1988 3189 ΒΑΝΤ.
2054 3135 2162 3189 Sed
2215 3137 2374 3205 longe
2411 3135 2559 3190 aliud
2617 3134 2896 3206 Pentapoli
2942 3137 3188 3206 contigit.
3230 3137 3385 3202 Qum

1783 3227 1928 3281 enim
1971 3227 2288 3282 Ausuriano
2323 3227 2605 3296 passessio
2642 3227 2984 3281 commodior
3037 3227 3360 3280 muliercula

1783 3330 1838 3375 et
1873 3319 2189 3373 iufantulo?
2214 3317 2284 3372 Ut
2321 3326 2376 3374 et
2423 3319 2529 3372 illa:
2576 3321 2711 3389 ipsis
2747 3319 2985 3388 pariant.
3033 3327 3086 3371 et
3121 3318 3156 3371 ii
3197 3319 3384 3372 simul

1785 3419 1947 3477 atque
1978 3408 2338 3472 adoleverint,
2368 3424 2475 3462 una
2509 3407 2577 3462 ad
2609 3410 2861 3463 militiatn
2894 3408 3169 3462 ducantur
3220 3407 3361 3486 Suut

1783 3499 1929 3553 enim
1975 3513 2102 3565 erga
2147 3499 2405 3561 nutritios
2453 3498 2639 3569 potius
2678 3513 2843 3568 quam
2881 3509 3137 3568 parentes
3175 3498 3362 3550 animo

1786 3589 2067 3658 propensi.
2091 3586 2135 3643 0
2160 3589 2414 3644 miseram
2449 3589 2595 3642 illam
2630 3603 2793 3658 quam
2820 3601 3184 3657 pr0pagatuus
3213 3588 3386 3641 colo-'

1785 3681 1966 3734 niam!
2005 3679 2232 3750 Captiva
2257 3681 2518 3749 juventus
2563 3681 2745 3750 agitur
2764 3695 2886 3750 quae
2923 3663 3164 3735 hostium
3199 3692 3360 3734 exer-

1786 3773 1930 3826 citus
1968 3779 2183 3842 augeat.
2221 3771 2415 3826 Veniet
2451 3771 2672 3827 hostilis
2706 3771 3002 3841 aliquando
3044 3780 3237 3826 contra
3271 3786 3364 3840 pa-

1788 3867 1948 3920 triam
2001 3865 2258 3934 populus.
2295 3863 2433 3918 Eum
2490 3879 2679 3934 agrum
2727 3863 3011 3933 populabit
3058 3872 3222 3933 atque
3269 3879 3364 3917 ex-

1788 3955 2008 4013 scindet
2044 3955 2283 4026 juvenis,
2312 3969 2501 4025 quem,
2536 3969 2663 4007 cum
2714 3953 3158 4008 adolescentulus
3191 3958 3360 4016 esset,

1790 4063 1896 4103 una
1940 4063 2067 4101 cum
2121 4054 2280 4116 patre
2325 4046 2590 4100 coluerat.
2639 4042 2795 4098 Nunc
2838 4045 2893 4098 in
2924 4045 3010 4098 via
3061 4053 3140 4100 est
3173 4058 3186 4096 :
3217 4057 3365 4098 nunc

1788 4139 2079 4192 abducitur
2117 4154 2128 4190 :
2164 4151 2311 4190 nunc
2347 4137 2400 4190 in
2431 4135 2672 4190 vinculis
2717 4135 2900 4190 adhuc
2940 4133 3364 4205 Pentapolitana

1789 4231 2050 4300 pubertas
2083 4237 2198 4292 est;
2229 4243 2330 4283 nec
2363 4234 2449 4282 est
2483 4227 2628 4282 ullus
2662 4228 2754 4296 qui
2785 4226 2852 4281 iis
2886 4237 3043 4295 opem
3076 4223 3236 4288 ferat,
3268 4231 3364 4278 aut

1791 4322 1932 4376 ferre
1958 4321 2154 4390 possit.
2177 4319 2337 4390 302
2357 4318 2539 4388 Neque
2568 4320 2714 4372 enim
2738 4318 2884 4372 istud
2909 4318 3099 4392 sinunt
3127 4316 3364 4370 Alexan-

101 4413 292 4474 κακοῖς
319 4409 666 4480 μικρολογίας
691 4408 866 4461 αἰτίαν
891 4408 950 4458 οὐ
971 4407 1322 4473 διαπέφευγε.
1340 4404 1530 4458 Καίτοι
1566 4423 1682 4458 τῖεν⁴

1795 4411 1938 4465 drini
1973 4410 2070 4470 illi,
2103 4411 2192 4478 qui
2228 4409 2468 4478 pessimo
2502 4404 2864 4475 Pentapoleos
2899 4404 3013 4460 fato
3046 4405 3100 4458 in
3147 4419 3209 4459 ea
3245 4405 3365 4475 ipsa

101 4501 465 4571 τακισχιλίαις
497 4502 613 4562 ταῖς
638 4500 904 4568 καμήλοις
933 4496 1408 4567 ἐσκευαγώγησαν.
1440 4495 1684 4568 Ἀριθμῷ

101 4598 159 4649 δὲ
184 4594 474 4647 ἀναλύουσι
517 4590 854 4660 τριπλασίονι
882 4591 946 4658 τῇ
983 4587 1091 4639 τῶν
1125 4586 1484 4656 αἰχμαλώτων
1517 4604 1687 4657 προσ-

105 4688 271 4759 θήκῃ,
315 4684 555 4753 τοσούτῳ
587 4681 800 4743 πλείους
845 4679 1139 4750 γινόμενοι.
1172 4678 1444 4748 Τέθνηκεν
1473 4679 1685 4749 ἀπέσϐη

105 4783 173 4831 τὰ
189 4777 595 4838 Πενταπόλεως·
611 4773 761 4836 τέλος
781 4773 910 4842 ἔχει·
926 4771 1367 4840 διακεχείρισταιο
1384 4769 1684 4824 ἀπόλωλεν·

106 4871 207 4922 οὐκ
236 4869 307 4921 ἔτ’
334 4870 448 4921 ἐστὶ
487 4865 784 4930 παντελῶς,
821 4863 934 4916 οὐθ’
966 4865 1114 4933 ἡμῖν,
1146 4862 1268 4915 οὔτε
1297 4862 1523 4932 βασιλεῖ.
1551 4862 1688 4916 Οὔτε

107 4962 219 5032 γὰρ
243 4962 447 5031 βασιλεῖ
480 4964 665 5031 κτῆμα
692 4958 886 5026 γένοιτ’
920 4957 1006 5019 ἂν,
1042 4956 1164 5008 ὅθεν
1191 4955 1344 5008 οὐδὲν
1376 4955 1678 5008 ἀποίσεται.

1794 4501 2121 4555 militarunt.
2165 4497 2308 4564 Quid
2340 4501 2483 4553 enim
2520 4507 2604 4552 est
2641 4512 2741 4551 cur
2762 4497 3055 4566 quisquam
3099 4496 3366 4550 innocen-

1784 4600 1891 4647 tem
1939 4592 2281 4654 criminetur,
2331 4589 2420 4643 cui
2462 4595 2516 4643 et
2560 4587 2753 4643 affecta
2809 4597 2965 4654 aetas,
3009 4597 3063 4641 et
3102 4587 3364 4642 diuturna

1785 4684 1967 4737 morbi
1997 4682 2245 4738 accessio
2279 4681 2492 4736 veniam
2526 4680 2810 4734 obtinuit?
2849 4679 3014 4748 Atqui
3041 4679 3363 4733 facillimum

1784 4783 1925 4837 erat,
1965 4774 2128 4829 modo
2156 4775 2423 4828 bonorum
2471 4772 2670 4826 ducum
2708 4773 2865 4842 c0pia
2901 4779 3068 4834 esset,
3105 4771 3174 4825 ab
3209 4771 3364 4825 inse.

1785 4865 1918 4919 lenti
1968 4865 2250 4928 exercitu,
2300 4865 2503 4933 quique
2554 4860 2722 4917 Deum
2775 4861 3048 4916 offensum
3103 4862 3364 4926 haberet,

1794 4956 2092 5026 impietatis
2129 4971 2320 5027 pronas
2356 4963 2622 5026 repetere.
2655 4953 3000 5021 Quibusnam
3034 4954 3113 5011 illi
3162 4955 3361 5021 sacris,

1342 5108 1522 5163 DION.
1590 5109 1863 5163 PETAVII
1902 5109 2134 5166 ΝΟΤᾹΞ.

183 5256 262 5319 (5)
298 5252 598 5317 Γυναῖκας
647 5251 742 5305 καὶ
796 5247 1098 5315 παιδάρια.
1132 5244 1558 5319 __Conjecturam
1617 5246 1684 5319 ad

112 5316 280 5394 hujus
317 5324 420 5376 1οοὶ
440 5316 895 5394 emendationem
928 5334 1036 5371 nou
1082 5316 1685 5394 adhibqiascmtmtpigi

115 5387 357 5451 ea'furet
404 5390 695 5460 ejusmodi,
758 5389 1023 5460 cuivisut
1069 5387 1292 5460 probari
1329 5387 1523 5454 possit.
1549 5387 1686 5450 Quis

115 5467 260 5520 enim
316 5457 447 5514 non'
486 5460 630 5514 videt
689 5475 874 5513 vocem
925 5457 1066 5510 illam
1108 5458 1368 5522 γυναῖκας
1401 5472 1524 5508 cum
1562 5474 1686 5508 παι-

118 5535 278 5605 δάρια
296 5547 418 5605 esse
453 5528 946 5605 copulandam?_ut
979 5528 1033 5605 in
1065 5524 1238 5578 cladis
1266 5525 1524 5605 iudicium
1569 5542 1688 5605 mu:

120 5593 285 5657 lieres
313 5593 578 5654 duntaxat
606 5605 658 5652 et
684 5597 897 5666 pueruli
939 5597 1382 5666 relinquerentur
1409 5609 1421 5644 :
1462 5593 1513 5646 id
1534 5596 1684 5666 quod

126 5672 411 5742 sequentia
444 5667 668 5724 omnino
686 5663 1049 5729 convincunt,
1074 5679 1198 5720 cum
1230 5667 1306 5718 ait
1342 5663 1686 5720 Ausuriauos

1789 5265 1857 5303 ne
1877 5249 2146 5304 mulieres
2177 5249 2396 5319 quidem
2447 5261 2509 5302 ac
2538 5250 2795 5318 puerulos
2846 5247 3152 5316 reliquisse.
3195 5246 3365 5303 Porro

1790 5335 1888 5386 pro
1916 5335 1981 5373 eo
2042 5320 2184 5386 quod
2221 5328 2337 5373 erat
2389 5327 2570 5379 antea.
2601 5321 2830 5385 γυναῖκα
2862 5319 3038 5386 (quasi
3080 5319 3362 5370 historiam

1790 5391 1937 5442 illam
2004 5390 2199 5442 mulier
2256 5389 2501 5457 quaedam
2552 5389 2859 5458 scripserit)
2917 5387 3362 5458 substituenduut

1788 5465 1921 5526 puto
1960 5461 2234 5525 γυναῖκες,
2272 5455 2330 5511 ut
2360 5455 2683 5511 ὑπελείπετο
2712 5459 2779 5512 ad
2826 5455 3176 5526 γνωρίσματα
3226 5455 3364 5509 refe-

1795 5536 1966 5584 ratur,
2003 5529 2202 5594 alioqui
2234 5529 2409 5582 active
2443 5537 2709 5581 sumetur.

1865 5597 1941 5662 (4)
1979 5595 2054 5662 Τῇ
2081 5592 2470 5665 δημιοιργικῇ
2502 5598 2815 5663 σπονδείᾳ.
2861 5592 3231 5664 Expuugrnda
3263 5607 3365 5647 vox

1793 5664 2005 5735 τελετῇ,
2033 5683 2151 5735 quae
2189 5664 2461 5737 glossema
2485 5667 2627 5736 sapit
2649 5667 2800 5721 vocis
2832 5667 3135 5725 σπονδείοις·
