3838 6236
462 252 594 309 1871

1509 250 1778 309 SYNESII
1820 249 2289 307 PTOLEMMDIS
2327 250 2633 308 EPISCOPI

3632 249 3746 305 157!

459 368 666 440 quibus
691 366 967 436 religiosis
996 365 1135 422 locis
1170 368 1572 439 pepercerunt?
1595 367 1789 423 Nonne
1813 368 1867 421 in
1898 367 2029 421 mul-

2157 365 2237 429 Ι“ίς
2268 364 2315 418 δ’
2353 366 2638 420 ἃνοῐσεται
2686 366 2837 438 παρὰ
2890 366 2989 438 τῆς
3023 367 3232 440 ὲρήμου
3280 365 3599 437 καρπούς;
3644 366 3743 419 ωτ-

463 460 535 515 tis
573 458 689 529 agri
721 456 928 511 Bai-eiei
959 457 1096 512 locis
1134 458 1389 527 sepulcra
1416 458 1664 512 recentia
1696 458 2043 513 effoderunt?

460 548 655 605 Nonne
680 549 751 604 ab
779 547 972 604 iisdem
1000 548 1137 618 ipsis
1171 564 1267 618 per
1296 548 1609 603 universam
1635 546 2041 621 Ampelitidem,

461 654 583 710 qua:
633 638 857 709 quidem
912 637 1019 693 sub
1078 649 1269 693 nostra
1325 646 1599 709 potestate
1648 650 1754 704 est,
1796 640 2044 696 ecclesiae

460 744 654 785 omnes
698 741 980 783 succensae
1013 734 1164 790 sunt,
1206 736 1372 796 atque
1414 727 1471 781 in
1518 727 1719 782 rudera
1749 734 1804 783 et
1853 725 2045 784 ruinas

462 818 737 877 redactae?
770 817 889 872 Non
927 831 1117 873 sacras
1148 832 1373 872 mensas
1420 818 1650 888 perinde
1685 833 1751 873 ac
1785 819 2046 889 profanas

462 918 531 974 ad
574 913 900 973 dividendas
931 928 1131 968 carnes
1175 917 1593 984 apposuerunt‘!
1618 912 1846 984 Mystica
1878 928 2045 984 porro

460 1026 614 1074 vasa,
639 1010 846 1081 quibus
884 1006 948 1063 ad
976 1006 1226 1077 publicas
1257 1021 1555 1077 sacrasque
1594 1006 1886 1061 libationes
1926 1014 2044 1060 ute-

462 1102 685 1165 bantur.
722 1117 907 1158 nonne
938 1104 1004 1158 ad
1036 1100 1321 1156 obeundas
1355 1098 1662 1152 dremonum
1686 1097 2043 1151 caeremonias

461 1195 519 1249 in
578 1194 834 1251 hostilem
895 1197 1175 1268 regionem
1229 1187 1495 1245 translata
1551 1188 1720 1243 sunt?
1767 1184 2041 1252 Quidnam

463 1287 659 1342 horum
708 1286 982 1356 religiosis
1012 1284 1241 1339 auribus
1284 1278 1571 1335 tolerabile
1614 1277 1736 1332 est?
1766 1276 1903 1331 Nam
1945 1278 2039 1348 qui

2148 457 2272 527 ἐμοὶ
2297 458 2519 529 πατρὶς,
2542 459 2609 528 ἢν
2629 457 2905 527 ἀπολείψω
2924 476 2937 489 ·
2970 458 3121 530 παρά
3163 455 3275 529 γὰρ
3305 456 3454 511 ναῦν
3481 458 3622 510 ἔστι
3658 474 3739 526 μοι,

2146 548 2209 603 τὸ
2258 548 2332 620 μὴ
2367 551 2467 603 οὐκ
2520 550 2622 621 ήδη
2653 549 2912 619 πελάγιον
2950 546 3108 615 εἶναι,
3144 551 3237 603 καὶ
3282 551 3445 620 νήσῳ
3495 566 3740 620 περιπα
3778 595 3785 599 .

2151 643 2275 694 πεῖν
2298 643 2398 713 (5).
2432 642 2694 714 Αἰγύπτῳ
2720 643 2827 715 γὰρ
2858 644 3075 697 ἀπιστῶ
3097 661 3109 673 ·
3152 644 3315 697 κάκεῖ
3360 641 3620 697 δύναται
3656 642 3740 694 διε-
3770 630 3771 635 ¹

2152 729 2314 803 ϐῆναι
2337 734 2582 805 κάμηλος
2612 735 2977 807 Αύσουριανὸν
2995 735 3218 806 ὁπλίτην
3248 732 3626 804 βαστάσασα.
3658 732 3742 801 Ni:-

2154 822 2355 895 σιώτης
2409 826 2635 897 οἰκήσω,
2688 826 2859 898 πένης
2904 826 3014 881 ἀπὸ
3054 824 3439 896 κτηματικοῦ·
3478 823 3739 895 μέτοικος

2150 916 2474 989 ἀτιμότερος
2520 916 2686 971 ἀστοῦ
2739 917 3040 990 Κυθηρίου.
3094 914 3610 987 Πολυπραγμονῶν
3661 913 3740 981 γὰρ

2150 1004 2250 1075 ήδη
2286 1004 2540 1075 μανθάνω
2581 1005 2809 1078 Κύθηρα
2842 1006 2903 1060 τὸ
2955 1007 3126 1078 πέραν
3160 1002 3298 1060 εἶναι
3325 1007 3436 1077 τῆς
3478 1004 3742 1059 Πεντατό-

2150 1096 2307 1161 λεως.
2346 1096 2493 1152 Ὲκετ
2537 1117 2605 1170 με
2654 1100 2816 1172 τυχὸν
2860 1100 3094 1155 οίσουσιν
3136 1100 3330 1171 ἀνεμοι
3376 1100 3580 1153 νότοι·
3638 1100 3741 1165 παρ’

2150 1188 2380 1254 ἐκείνοις
2427 1188 2729 1263 βιώσομαι,
2792 1191 2966 1259 ξένος,
3024 1193 3247 1264 ἀλήτης.
3312 1192 3435 1245 Καὶ
3499 1191 3577 1246 ἂν
3653 1191 3742 1243 ἐτε-
3788 1208 3793 1229 ιι

2149 1282 2392 1352 χειρήσω
2440 1299 2494 1335 τι
2550 1283 2682 1355 περὶ
2724 1281 3004 1352 εὐγενείας
3055 1286 3261 1348 εἰπεῖν,
3315 1283 3741 1353 ἀπιστήσουσιν.

460 1391 895 1434 commemorare
953 1377 1085 1432 velit
1137 1381 1274 1445 quot
1328 1369 1557 1425 castella
1610 1365 1861 1423 demoliti
1919 1367 2067 1435 sint,
2138 1381 2408 1441 quantum
2478 1375 2846 1439 utensilium,
2903 1390 2969 1431 ac
3024 1375 3389 1445 supellectilis
3464 1374 3742 1429 avexerint

462 1471 633 1525 boves
664 1470 793 1526 item
824 1483 1071 1535 ovesque
1098 1482 1316 1532 omnes,
1343 1478 1465 1535 qua:
1484 1462 1705 1533 quidem
1733 1477 1764 1516 e
1786 1461 2149 1517 barbarorum
2212 1460 2400 1535 praeda
2455 1476 2690 1523 servatae
2718 1468 2964 1541 reliquiae
2987 1469 3041 1524 in
3099 1467 3406 1540 prairuptis
3485 1469 3745 1522 montium

457 1569 516 1618 et
562 1560 814 1618 cavernis
867 1559 1069 1615 abdita:
1115 1554 1383 1612 fuerant:
1432 1553 1482 1609 is
1535 1553 1591 1607 in
1632 1554 1803 1607 tantis
1856 1550 2015 1606 malis
2057 1566 2166 1607 non
2206 1554 2328 1610 sine
2376 1555 2509 1611 vitio
2564 1557 2750 1627 aliquo
2800 1558 3031 1613 minutis
3069 1557 3485 1629 persequendis
3529 1558 3743 1612 nimium

460 1656 660 1712 anxius
705 1654 972 1709 videatur.
1016 1649 1346 1719 Quanquam
1406 1646 1649 1717 quinque
1707 1643 2047 1699 camelorum
2082 1643 2328 1702 millibus
2387 1648 2630 1719 praedam
2658 1649 2909 1706 avexisse
2931 1649 3211 1705 dicuntur.
3249 1647 3512 1704 Numero
3584 1657 3741 1702 autem

459 1747 624 1817 triplo
658 1747 867 1817 majore
890 1744 1144 1810 redeunt,
1174 1740 1495 1798 accessione
1517 1737 1862 1808 captivorum
1886 1743 2041 1791 tanto
2076 1736 2268 1808 plures
2287 1737 2488 1794 ell‘ecti.
2516 1740 2758 1805 Periere,
2781 1742 3067 1796 exstincta:
3105 1748 3232 1794 sunt
3291 1737 3739 1809 Peutapolitans

459 1852 585 1899 res,
619 1838 688 1892 ad
736 1838 940 1892 exitum
990 1841 1286 1896 venerunt,
1325 1830 1595 1887 confectae
1642 1834 1794 1895 sunt,
1835 1828 2161 1884 occiderunt
2192 1847 2207 1885 :
2238 1846 2421 1901 neque
2453 1831 2613 1888 nobis
2645 1833 2875 1888 omnino
2927 1832 3165 1902 amplius
3190 1870 3205 1893 ,
3267 1845 3461 1900 neque
3528 1830 3743 1901 imper-3'

457 1928 566 1981 tori
603 1937 920 1999 supersunt.
952 1926 1142 1997 Neque
1206 1924 1355 1980 enim
1414 1922 1766 1994 imperatoris
1830 1936 1895 1977 ea
1952 1924 2232 1993 possessio
2288 1925 2399 1979 dici
2463 1934 2668 1997 potest,
2716 1940 2749 1981 e
2790 1940 2897 1997 qua
2968 1926 3105 1980 nihil
3165 1924 3433 1980 utilitatis
3483 1930 3741 1995 reportet.

464 2029 673 2100 Ecquis
702 2043 831 2082 vero
859 2027 1073 2081 fructus
1112 2039 1181 2079 ex
1208 2021 1432 2079 deserto
1470 2020 1729 2088 colligere
1758 2017 1906 2072 ullus
1976 2018 2195 2088 possit?
2237 2018 2423 2090 Neque
2465 2021 2600 2076 mihi
2669 2023 2842 2092 patria
2912 2030 3187 2091 superest,
3230 2035 3404 2091 quam
3458 2019 3743 2075 deserant:

457 2122 574 2175 sola
624 2120 768 2174 enim
807 2117 962 2173 navis
1006 2116 1191 2186 inopia
1246 2114 1400 2176 facit,
1458 2120 1518 2166 ut
1555 2108 1801 2165 nondum
1837 2107 1895 2162 in
1937 2109 2048 2163 alto
2123 2111 2399 2182 navigem,
2447 2122 2502 2169 et
2569 2113 2638 2167 ad
2679 2113 2910 2168 insulam
2962 2113 3202 2183 aliquam
3250 2112 3568 2183 appellant.
3624 2110 3745 2165 Nam

458 2214 699 2283 Egypto
728 2208 943 2275 difﬁde,
978 2215 1271 2279 propterea
1302 2204 1453 2276 quod
1495 2218 1563 2258 eo
1600 2218 1821 2273 quoque
1884 2200 2132 2257 camelus
2173 2204 2458 2271 pervenire
2497 2211 2680 2276 potest
2706 2206 3081 2261 Ausurianuin
3126 2205 3356 2259 militem
3405 2213 3666 2274 gestans.
3695 2202 3741 2257 In

458 2304 659 2360 insulis
687 2303 869 2371 itaque
900 2301 1115 2369 degam,
1150 2298 1311 2367 inops
1350 2310 1415 2350 ex
1465 2293 1653 2356 divite,
1686 2292 2013 2362 inquilinus,
2066 2290 2329 2362 Cytherio
2373 2294 2495 2349 cive
2573 2294 2883 2365 ignobilior.
2948 2293 3103 2350 Nunc
3162 2294 3310 2349 enim
3393 2292 3633 2349 demum
3672 2308 3744 2346 cu.

456 2395 661 2450 riosius
700 2393 986 2463 inquirens
1017 2389 1183 2444 audio
1213 2388 1452 2459 Cythera
1518 2386 1664 2441 ultra
1707 2382 2051 2453 Pentapolim
2090 2397 2215 2439 esse
2286 2385 2413 2441 sita.
2478 2383 2615 2440 Illuc
2654 2402 2741 2441 me
2774 2385 3029 2442 fortassis
3065 2386 3243 2441 austri
3284 2384 3578 2447 deferent,
3620 2383 3743 2453 apud

457 2488 580 2543 illos
627 2487 819 2556 degam
876 2484 1077 2555 hospes
1133 2483 1423 2555 profugus.
1485 2480 1644 2547 Quod
1702 2478 1750 2534 si
1798 2477 1932 2549 quid
1987 2478 2055 2533 de
2092 2479 2312 2549 generis
2362 2481 2467 2537 mei
2515 2482 2802 2536 nobilitate
2843 2481 3065 2553 {jactare
3100 2482 3375 2546 audeam,
3425 2482 3601 2537 fidem
3642 2480 3745 2535 uul-

458 2583 563 2636 lam
596 2578 957 2633 adhibebunt.

526 2670 685 2741 303
710 2668 825 2724 lleu
854 2669 1144 2738 Cyrenem,
1179 2666 1342 2736 cujus
1368 2666 1602 2735 publica:
1630 2664 1829 2719 tabulae
1858 2663 1926 2719 ad
1956 2678 2041 2716 me

2213 2659 2377 2728 ’ῼμοι
2416 2660 2713 2730 Κυρήνης,
2761 2654 2829 2731 ἦς
2860 2660 2916 2714 αί
2966 2660 3227 2731 δημόσιαι
3278 2660 3523 2732 κύρϐεις
3570 2666 3753 2735 μέχρις

457 2776 633 2831 usque
687 2760 878 2829 stirpis
929 2758 1211 2813 Herculeae
1262 2757 1677 2813 successionem
1738 2754 2044 2810 deducunt!

2157 2749 2290 2819 ἐμοῦ
2334 2750 2634 2818 κατάγουσι
2671 2749 2769 2814 τὰς
2824 2750 2917 2819 ἀφ’
2976 2750 3311 2820 ’Ἡρακλέους
3345 2750 3654 2822 διαδοχάς-ί
3689 2757 3751 2807 03

456 2851 577 2907 Non
608 2851 754 2906 enim
794 2850 1020 2918 ineptus
1049 2849 1261 2911 videar,
1299 2863 1425 2902 cum
1461 2848 1607 2902 inter
1638 2848 1881 2902 scientes
1921 2860 2049 2914 pro-

456 2944 710 3006 pagatum
770 2930 898 2986 inde
956 2931 1297 2986 nobilitatem
1332 2929 1578 2999 deploro.
1617 2928 1761 2983 Proh
1802 2929 2054 2998 sepulcra

457 3026 555 3078 illa
587 3022 809 3087 Dorica,
857 3036 1093 3091 quorum
1129 3020 1407 3090 particeps
1440 3033 1548 3072 non
1578 3019 1714 3073 erol
1746 3016 1859 3073 llett
1911 3016 2054 3071 infe-

456 3118 616 3172 licent
653 3113 1078 3178 Ptoletnaidem,
1111 3111 1272 3182 cujus
1308 3125 1410 3181 ego
1445 3118 1758 3181 postremus
1810 3110 2053 3162 omnium

462 3206 726 3263 sacerdos
754 3205 866 3260 fuil
900 3204 1103 3259 Verum
1156 3218 1219 3259 ea
1259 3202 1549 3257 calamitas
1600 3202 1785 3256 animo
1814 3216 1935 3255 meo
1963 3200 2058 3253 ad-

457 3300 735 3357 harescit.
753 3297 897 3353 Nihil
917 3296 1101 3353 dicere
1129 3296 1365 3366 amplius
1391 3310 1640 3365 possum,
1670 3294 1929 3365 lacrymae
1953 3293 2053 3346 lin-

458 3404 621 3461 guatu
668 3403 846 3443 meum
901 3386 1428 3456 impediunt:totus
1477 3399 1599 3439 sum
1655 3383 1711 3437 in
1742 3398 1804 3438 ea
1852 3382 2057 3451 eOgita-

459 3483 611 3537 tione
640 3480 880 3546 deiixus,
917 3478 1065 3549 quod
1098 3477 1231 3533 mihi
1260 3491 1421 3533 sacra
1450 3474 1885 3547 derelinquenda
1924 3474 2054 3530 sint.

457 3570 825 3641 Navigatione
854 3569 1075 3642 quidem
1116 3568 1248 3624 hinc
1271 3583 1358 3623 me
1392 3560 1703 3623 subducere
1734 3573 2053 3637 oporteret:

458 3661 558 3721 sed
580 3677 704 3718 cum
722 3662 999 3734 ad;navem
1031 3658 1504 3716 conscendendam
1525 3658 1797 3729 quispiam
1818 3656 2057 3721 vocabit,

457 3756 742 3826 paulisper
802 3762 862 3807 ut
904 3758 1191 3823 exspectet
1249 3750 1319 3805 ab
1371 3750 1467 3805 illo
1524 3758 1729 3820 petam.
1805 3746 2050 3802 Primum

459 3847 606 3902 enim
648 3844 716 3899 ad
766 3844 861 3900 Dei
904 3842 1167 3913 templum
1210 3841 1467 3897 accedam
1510 3858 1522 3893 :
1576 3847 1689 3894 tum
1737 3838 1910 3893 altare
1954 3838 2061 3892 cir-

458 3934 682 3993 cumibo
715 3954 729 3991 :
762 3933 1223 4004 pretiosissimum
1243 3933 1620 4004 pavimentum
1639 3930 1903 4001 lacrymis
1932 3945 2058 4000 per-

2154 2840 2264 2910 γάρ
2302 2840 2368 2893 ἂν
2416 2841 2536 2910 είην
2583 2840 2831 2909 ἀρχαῖος,
2866 2841 2923 2891 ἐν
2968 2837 3163 2892 εἰδόσιν
3210 2838 3633 2910 ὀλοφυρόμενος
3666 2843 3755 2910 τὴν

2156 2931 2639 3002 καταϐεϐλημένην
2668 2931 2964 2999 εὐγένειαν.
3004 2932 3167 3001 Ιᾩμοι
3205 2930 3316 2984 τῶν
3346 2932 3572 3001 τάφων,
3601 2927 3677 2989 ὧν
3704 2937 3753 2987 οὐ

2159 3022 2370 3093 μεθέξω
2407 3022 2517 3076 τῶν
2548 3022 2843 3094 Δωρικῶνῑ
2888 3023 3048 3093 ᾭμοι
3084 3022 3493 3093 Πτολεμαΐδος,
3553 3021 3628 3097 ἧς
3673 3028 3757 3079 ἀν-

2157 3116 2401 3185 εδείχθην
2430 3113 2660 3177 ὕστατος
2689 3112 2902 3184 ίερεύςι
2945 3113 3103 3167 Ἀλλά
3137 3114 3403 3187 πρόσεστί
3442 3134 3546 3186 μοι
3576 3119 3640 3171 τὺ
3662 3119 3759 3171 δει-

2159 3206 2249 3259 νόν
2270 3223 2283 3236 ·
2316 3206 2503 3260 οὐκέτι
2541 3205 2774 3277 δύναμαι
2799 3205 2978 3273 λέγειν
3002 3221 3016 3234 ·
3050 3205 3501 3276 ἐπιλαμϐάνεται
3540 3226 3651 3277 μου
3674 3209 3760 3278 τῆς

2157 3300 2406 3371 γλώττης
2433 3300 2502 3353 τά
2526 3300 2753 3371 δάκρυα.
2787 3299 2991 3369 Γέγονα
3019 3298 3158 3370 πρὸς
3187 3298 3285 3367 τήν
3310 3300 3641 3367 φαντασίαν
3672 3303 3761 3369 τῆς

2157 3392 2266 3445 τῶν
2317 3391 2477 3463 ἱερῶν
2514 3391 2873 3461 ἀπολείψεως.
2931 3390 3080 3443 Ἔδει
3136 3389 3237 3459 μὲν
3267 3390 3528 3460 οἴχεσθαι
3574 3391 3763 3443 πλέον·

2156 3501 2258 3548 τας
2278 3501 2291 3514 ο
2330 3483 2443 3538 ἀλλ’
2474 3484 2603 3537 ὅταν
2632 3484 2724 3537 ἐπὶ
2756 3483 2884 3537 ναῦν
2913 3500 2996 3547 τις
3025 3482 3186 3555 καλῇ,
3221 3484 3423 3553 μικρὸν
3459 3485 3761 3555 ἀναμεῖναι

2157 3574 2443 3646 δεήσομαι.
2496 3574 2798 3645 Βαδιοῦμαι
2836 3574 2945 3646 γὰρ
2977 3575 3193 3646 πρῶτον
3221 3575 3318 3627 ἐπὶ
3354 3575 3453 3628 τὸν
3490 3575 3643 3629 νεὼν
3676 3575 3761 3629 τοῦ

2158 3665 2329 3719 Θεοῦο
2364 3664 2719 3737 κυκλώσομαι
2746 3666 2807 3720 τὸ
2856 3665 3271 3736 θυσιαστήριον⁸
3305 3665 3555 3736 δάκρυσι
3590 3666 3761 3738 βρὲξω

2157 3756 2219 3810 τὺ
2246 3757 2682 3827 τιμαλφέστατον
2727 3756 2940 3827 ἐδαφος.
2991 3757 3106 3809 Ούκ
3149 3756 3597 3829 ἀποδραμοῦμαι
3639 3761 3759 3829 πρὶν

2160 3847 2331 3920 θύραν
2372 3849 2590 3919 ἐκείνην
2643 3848 2735 3901 καὶ
2784 3849 2969 3920 θρόνον
3010 3850 3212 3901 ἐκεῖνον
3255 3849 3653 3905 ἀσπάσασθαι.
3705 3851 3759 3903 Ὢ

2160 3940 2394 4005 ποσάκις
2440 3940 2787 4010 θεοκλυτήσω
2832 3956 2916 4003 τε,
2962 3941 3056 3991 καὶ
3094 3941 3683 4012 μεταστραφήσομαιι
3717 3942 3756 3993 ὦ

460 4025 709 4081 fundam.
738 4024 859 4081 Non
898 4025 1052 4096 prius
1094 4023 1412 4087 abscedam,
1439 4036 1605 4093 quam
1647 4020 1874 4091 jsnuam
1904 4020 2044 4074 illam

2160 4032 2388 4095 ποσάκις
2421 4032 2542 4095 ταῖς
2566 4009 2805 4100 κιγκλίσι
2844 4030 2912 4083 τὰ
2948 4034 3099 4101 χεῖρε
3131 4009 3574 4100 προσμὰξομαιί

459 4118 835 4187 thronumque
874 4116 1027 4171 illum
1077 4115 1368 4171 osculatus
1418 4112 1595 4169 fuero.
1632 4112 1677 4167 0
1705 4111 1924 4182 quoties
1956 4111 2044 4169 Dei

2162 4121 2382 4193 ἰσχυρὸν
2409 4122 2624 4191 ἀνάγκη
2656 4123 2911 4191 πρᾶγμα,
2942 4121 3036 4175 καὶ
3068 4120 3261 4190 βίαιον.
3301 4121 3610 4193 Ἐπιθυμῶ
3641 4124 3753 4177 δοῦ-

462 4208 624 4265 ﬁdem
652 4207 963 4278 appellabo,
1014 4220 1079 4261 ac
1112 4206 1324 4261 vultum
1354 4204 1715 4260 convertam!
1750 4203 1795 4260 Ο
1818 4204 2044 4275 ,ουοιίοε

2158 4231 2248 4268 ναι
2281 4212 2578 4283 ὀφθαλμοῖς
2632 4211 2799 4266 ὕπνον
2850 4211 3335 4282 ἀπερισάλπιστον.
3372 4212 3585 4284 Μέχρι
3632 4215 3751 4267 πότε

460 4300 727 4356 cancellis
757 4312 952 4353 manus
982 4296 1246 4368 injiciam!
1281 4294 1391 4351 Sed
1456 4296 1755 4352 vehemens
1792 4295 2044 4365 quaedam

2157 4305 2310 4377 παρά
2334 4304 2552 4369 ἔπαλξιν
2587 4306 2852 4375 στήσομαι
2878 4321 2894 4369 ;
2928 4303 3104 4375 Μέχρι
3135 4303 3264 4356 πότε
3293 4303 3535 4374 τηρήσω
3568 4305 3635 4359 τὸ
3664 4323 3751 4375 με·

461 4405 553 4446 res
594 4398 680 4445 est
738 4405 803 4443 ac
846 4388 1106 4452 violenta,
1164 4385 1495 4443 necessitas.
1547 4385 1724 4457 Cupio
1790 4401 2044 4459 somnum

2157 4394 2496 4464 ταπύργιον;
2553 4392 2907 4463 Ἀπαγορεύω
2934 4392 3179 4462 φυλακάς
3206 4392 3522 4447 ἐπιτάττων
3567 4412 3752 4449 νυκτε-

462 4480 645 4537 oculis
677 4481 816 4535 meis
870 4478 1023 4534 nullo
1078 4477 1337 4533 tubarum
1386 4478 1621 4547 strepitu
1684 4478 2044 4549 interruptum

2161 4486 2335 4556 ρινάς,
2358 4486 2451 4539 καὶ
2479 4484 2761 4554 φυλάττων
2784 4486 2841 4537 ὲν
2863 4484 2943 4553 τῷ
2983 4484 3160 4555 μέρει,
3187 4483 3282 4537 καὶ
3316 4483 3751 4557 φυλαττόμενος,

462 4572 787 4628 concedere.
820 4569 942 4637 Quo
972 4570 1193 4625 tandem
1217 4585 1394 4640 usque
1424 4571 1493 4626 ad
1523 4584 1808 4626 murorum
1846 4588 2051 4644 propu-

463 4665 757 4733 gnaculum
806 4661 1005 4718 stabo?
1033 4659 1331 4731 Quousque
1364 4662 1600 4717 turrium
1631 4662 1917 4719 intervalla
1947 4680 2043 4721 cu-

464 4758 732 4811 stodiam!
760 4754 1024 4811 Defessus
1064 4770 1187 4811 sum
1216 4764 1522 4811 nocturnas
1550 4754 1816 4812 excubias
1848 4756 2041 4827 dispo-

465 4866 621 4914 nens,
654 4866 717 4904 ac
751 4850 997 4904 vicissim
1058 4855 1114 4902 et
1158 4846 1479 4903 custodiens
1519 4847 1637 4917 ipse
1680 4846 1843 4913 alios,
1875 4856 1931 4902 et
1976 4848 2045 4903 ab

466 4943 590 4997 aliis
645 4940 975 4997 custoditus.
1006 4939 1072 4993 Et
1109 4941 1205 5010 qui
1255 4952 1635 5010 saepenumero
1686 4938 1740 4991 in
1794 4948 2045 4994 contem-

464 5034 669 5104 plando
701 5034 945 5089 siderum
992 5041 1183 5087 exortu
1240 5029 1561 5101 pervigilem
1608 5036 1826 5083 noctem
1890 5030 2046 5093 duxi,

466 5126 717 5181 eumdem
756 5140 844 5180 me
885 5124 1049 5179 modo
1096 5122 1258 5178 taedet
1290 5120 1655 5177 observandis
1694 5119 1934 5175 hostium
1959 5120 2048 5175 in-

468 5216 822 5271 cursionibus
874 5216 1184 5287 invigilare.
1224 5214 1307 5270 Ad
1340 5228 1538 5283 aquam
1578 5211 1893 5267 demensam
1928 5213 2050 5268 dor-

2156 4577 2187 4630 ὀ
2217 4575 2385 4630 πολλὰ
2416 4577 2681 4648 πρότερον
2706 4576 3062 4645 ἀγρυπνήσας
3090 4574 3186 4628 ἐπὶ
3225 4576 3344 4638 ταῖς
3372 4574 3607 4647 ἄστρων
3635 4580 3753 4630 ἑπι-

2165 4665 2400 4730 στολαῖς.
2444 4665 2835 4737 Ἀποκναὶομαι
2862 4664 2958 4717 νῦν
2986 4665 3303 4737 ἐγρηγορῶν
3341 4666 3435 4718 ἐπὶ
3472 4671 3608 4732 ταῖς
3650 4669 3754 4721 τῶν

2167 4758 2439 4828 πολεμίων
2489 4755 2784 4820 ὲπιῦολαῖς.
2836 4755 2979 4827 Πρὸς
3031 4756 3552 4827 διαμεμετρημένον
3615 4759 3753 4829 ὕδωρ

2167 4846 2498 4916 καθεύδομεν
2521 4860 2535 4878 ⁶
2569 4847 2664 4898 καὶ
2692 4847 2751 4898 τὺ
2772 4846 2934 4915 λαχόν
2964 4863 3053 4916 μοι
3086 4847 3248 4916 μέρος
3273 4846 3351 4907 είς
3383 4845 3565 4900 ὕπνον
3595 4850 3752 4915 ἀφαι-

2172 4942 2342 5011 ρεῖται
2396 4937 2655 5000 πολλάκις
2697 4937 2726 4989 ὀ
2776 4936 2963 4990 κώδων
3004 4936 3034 4988 ὁ
3082 4936 3454 5005 φυλακτήριος
3497 4940 3603 5006 (ti).
3662 4942 3750 4991 Ἀν

2154 5032 2211 5086 δὲ
2258 5030 2562 5100 καταμύσω
2615 5029 2848 5099 μικρὸν,
2905 5028 2951 5080 ὣ
2983 5028 3093 5081 τῶν
3143 5029 3413 5081 ἐνυπνίων
3448 5030 3569 5082 τῶν
3622 5048 3749 5083 axu-

2156 5122 2423 5195 Opwml'w!
2456 5123 2536 5186 είς
2568 5116 2658 5175 οία
2689 5121 3149 5191 παραπέμπουσιν
3173 5121 3322 5190 ἡμᾶς
3352 5122 3411 5172 αἱ
3455 5123 3584 5191 μεθ’
3617 5122 3749 5193 ήμέ-

2160 5230 2259 5283 ραν
2306 5212 2606 5284 φροντίδες.
2662 5213 2736 5265 Τὸ
2790 5212 2949 5281 λῆξαι
2997 5213 3197 5277 πόνων,
3246 5212 3527 5282 ἄρξασθαι
3573 5215 3748 5267 πόνων

468 5307 723 5362 mimus:
778 5317 943 5377 atque
983 5322 1048 5363 ea
1106 5306 1283 5362 somni
1338 5320 1489 5376 pars,
1525 5318 1647 5373 quae
1704 5303 1836 5356 mihi
1896 5314 2044 5361 sorte

2157 5306 2297 5359 ἐστί.
2350 5304 2650 5376 Φεύγομεν,
2689 5304 3051 5374 ἀλισκόμεθα,
3104 5304 3557 5377 τιτρωσκόμεθα,
3612 5305 3751 5358 δεδέ-

1728 5411 1915 5475 Dluu'.
1956 5416 2228 5473 PETAVII
2263 5416 2494 5473 NOTAE.

544 5507 621 5582 (5)
650 5507 759 5561 Καὶ
808 5506 979 5582 migro
1019 5507 1427 5582 περισκρπεῖν.
1459 5508 1623 5564 Forte
1670 5513 2042 5582 προσκωπεῖν,

472 5576 618 5646 quod
649 5588 733 5646 est
764 5576 1041 5646 appellere.
1068 5576 1163 5646 Γρ.
1198 5576 1381 5645 νῆσον.

543 5643 621 5711 (6)
666 5645 729 5699 '0
771 5645 974 5699 κώδων
1022 5648 1053 5699 ὀ
1099 5643 1527 5715 φυλάκτήριος.
1582 5646 1897 5705 Istiusmodi
1940 5650 2047 5705 κώ-

2149 5510 2339 5573 δωνος.
2366 5524 2476 5579 quo
2509 5511 2699 5579 vigiles
2727 5508 3041 5579 utebantur,
3079 5508 3334 5579 meminit
3366 5508 3663 5566 Plutarch.
3696 5513 3746 5567 in

2151 5580 2355 5661 Aratus
2386 5578 3017 5661 ⁷’Δνα6αινέντωνζιῶν
3047 5578 3302 5661 πρώτω),
3332 5582 3361 5633 ὀ
3380 5579 3486 5661 τὴν
3518 5582 3747 5653 ἑωθινὴν

2156 5649 2403 5720 φυλακὴν
2434 5648 2761 5723 παραδιδοὺς
2779 5647 3014 5718 ἐφώδευε
3048 5647 3125 5720 τῷ
3148 5647 3387 5719 κώδωνι,
3423 5647 3543 5706 etc.
