3838 6236
28 310 31 319 ’
87 228 297 284 1575

1561 237 2036 301 CONSTITUTIO.

3291 253 3427 315 1571

93 347 321 418 μεοα,
360 350 809 420 πιπρασκόμεθα.
862 353 1098 417 Ποσάκις
1146 353 1439 427 ἐξανέστην
1481 356 1686 425 ἄσμενο

1854 362 2109 430 contigit,
2140 362 2490 421 excubitorio
2527 366 2904 423 tintinnabula
2939 368 3141 440 saepius
3174 371 3428 441 eripitur.

34 428 43 505 ξ
82 441 218 492 ὅτι
266 440 550 510 δεσπότην
588 442 853 495 ἀπέλιπον
894 446 907 497 l
946 446 1185 509 Ποσάκις
1219 446 1513 517 ἑξανέστην
1545 448 1751 521 ὑπέρα-

36 522 43 601 '_
90 528 353 597 σθμος,
399 528 583 600 ἱδρῶτι
632 532 969 602 ῥαινόμενος,
998 534 1134 605 ὁμοῦ
1186 535 1279 589 τὸν
1319 535 1483 590 ὕπνον
1523 539 1619 591 καὶ
1659 536 1751 593 τὸν

28 592 43 693 ἴ
85 592 358 690 δρόμον
409 592 715 686 ἀπολιπὼν,
762 592 822 695 ὃν
877 592 1203 690 κατατείνας
1248 626 1479 696 ἔφευγον
1519 628 1750 701 ὁπλίτην

28 702 39 783 ξ
91 711 421 781 πολέμιον
457 711 474 764 l
509 710 704 776 Μόνοις
754 715 887 784 ἡμῖν
952 716 1194 780 Ἠσίοδος
1238 716 1389 771 οὐδὲν
1428 716 1599 786 λέγει,
1648 718 1748 791 τὴν

30 796 39 881 ξ
89 802 344 856 ἐλπίδα
374 805 622 876 τηρήσας
651 806 784 859 εἴσω
810 806 905 860 τοῦ
930 806 1108 860 πίθου.
1141 808 1351 872 Πάντες
1374 809 1632 881 ἀθαρσεῖς
1654 811 1747 865 καὶ

28 870 35 949 ἶ
90 870 515 958 δυσέλπιδες.
548 896 577 948 ό
638 897 1178 969 πεπαροιμιασμένος
1229 870 1344 969 βίος
1391 870 1746 970 (7)’ἀϐίωτος

28 984 35 1063 ί
91 987 235 1055 οὐχ
270 987 472 1057 ἕτερός
504 987 674 1053 ἐστιν,
705 988 918 1060 ἄνδρες,
949 988 1065 1043 ἀλλ’
1101 990 1161 1043 ὃν
1196 989 1378 1061 ζῶμεν
1420 993 1604 1061 ἡμεῖς.
1646 991 1743 1055 Τίς

89 1080 144 1149 ἡ
195 1079 506 1150 διατριϐής
556 1081 622 1133 Τί
666 1080 965 1152 μέλλομενς
1027 1081 1366 1154 ’Δπήχθηται
1409 1082 1743 1147 Πεντάπολις

28 1170 29 1177 “
94 1170 210 1242 τῷ
237 1172 393 1243 Θεῷ.
427 1174 645 1236 Ποιναῖς
674 1174 1023 1245 ὲκδεδόμεθα.
1058 1175 1123 1228 Ἡ
1144 1175 1252 1245 γὰρ
1280 1175 1462 1245 ἀκρὶς,
1496 1175 1597 1228 οὐκ
1623 1174 1741 1228 ἔστι

96 1265 316 1318 κακὸν
348 1266 741 1338 ἀκριϐέστερον
764 1306 779 1331 ,
815 1266 872 1320 τὸ
895 1267 949 1320 δὲ
983 1265 1094 1337 πῦρ
1122 1266 1151 1319 ὃ
1183 1265 1289 1337 πρὸ
1322 1266 1430 1319 τῶν
1463 1265 1739 1336 πολεμίων

94 1357 313 1427 τριῶν
368 1356 576 1410 πόλεων
621 1359 950 1428 ἐπενείματο
977 1358 1124 1430 λήῖα.
1175 1360 1241 1413 Τί
1293 1357 1467 1429 πέρας
1512 1356 1734 1421 κακῶν;

96 1448 193 1500 Εἰ
224 1446 447 1500 τούτων
463 1446 687 1516 ἄγουσιν
717 1448 1031 1521 ἐλευθερίαν
1056 1450 1111 1504 αἱ
1130 1449 1307 1520 νῆσοι,
1340 1449 1452 1519 ἐγὼ
1484 1449 1583 1519 μὲν
1607 1448 1737 1501 ὅταν

99 1535 433 1609 ἀφυϐρίσῃ
456 1536 516 1590 τὸ
549 1536 806 1607 πέλαγος,
835 1537 1195 1609 πλευσοῦμαι.
1236 1537 1396 1592 Ἀλλά
1439 1535 1732 1608 φοϐοῦμαι,

1853 453 2010 520 Quod
2040 454 2085 509 si
2115 470 2409 527 parumper
2440 460 2634 516 oculos
2659 461 2932 525 clausero,
2967 462 3105 532 proh
3148 464 3334 520 tristia
3363 481 3431 522 ac

1853 546 2085 602 molesta
2130 549 2369 613 somnia,
2408 565 2532 619 qua:
2591 551 2724 605 mihi
2786 552 2998 607 diurna:
3053 569 3204 609 curae
3262 563 3430 627 atque

1848 638 2203 709 aegritudines
2236 640 2491 712 injiciunt
2516 642 2529 696 l
2556 638 2834 698 Laborum
2872 646 3133 710 cessatio,
3191 647 3428 703 aliorum

1848 730 1985 785 mibi
2009 730 2261 786 laborum
2293 733 2514 789 initium
2542 741 2626 790 est
2654 753 2665 788 :
2703 733 2965 804 fugimus,
3006 739 3428 807 comprehendi-

1846 836 1992 887 mur,
2015 821 2394 886 vulneramur,
2421 823 2716 891 vincimur,
2747 826 3058 882 vendimur.
3087 828 3261 893 Quam
3282 845 3427 901 saepe

1846 911 2083 968 libenter
2107 928 2137 968 c
2159 928 2354 969 somno
2376 915 2645 972 excitatus
2668 932 2813 982 sum,
2834 919 2978 988 quod
2995 920 3277 975 dominum
3297 923 3425 978 reli-

1843 1004 2124 1073 quissem!
2159 1004 2389 1071 Quoties
2415 1007 2684 1064 anhelans
2709 1024 2774 1063 ac
2808 1010 3083 1081 palpitans
3103 1012 3422 1083 expergefa-

1841 1104 1966 1149 ctus
1996 1110 2142 1160 sum,
2167 1096 2370 1152 sudore
2408 1105 2554 1154 totus
2586 1099 2873 1166 difﬂuens,
2918 1117 3024 1155 una
3059 1117 3090 1155 a
3133 1118 3326 1159 somno
3366 1112 3423 1161 et

1841 1200 2008 1241 cursu
2029 1186 2316 1255 desinens,
2354 1204 2515 1259 quem
2540 1190 2834 1246 intendens
2854 1235 2869 1259 ,
2896 1202 3169 1249 armatum
3205 1196 3421 1252 hostem

1840 1274 2113 1347 fugiebam
2137 1279 2150 1331 !
2178 1276 2463 1335 Nobismet
2485 1278 2756 1336 Hesiodus
2778 1282 2912 1337 solis
2940 1282 3077 1336 nihil
3113 1282 3319 1339 dixisse
3340 1286 3421 1341 vi-

1838 1375 1935 1417 sus
1967 1369 2072 1428 est,
2099 1376 2222 1417 cum
2268 1378 2417 1433 spem
2446 1363 2595 1419 intra
2644 1365 2852 1421 dolium
2890 1377 3158 1431 reservat,
3215 1371 3419 1440 quippe

1835 1458 2030 1501 omnes
2050 1444 2248 1516 trepidi
2267 1461 2482 1512 sumus,
2498 1454 2553 1503 et
2572 1456 2794 1518 speratu
2817 1447 3074 1504 difﬁciles
3096 1470 3108 1505 :
3128 1451 3291 1523 304
3307 1453 3419 1508 vita

1836 1534 1927 1590 illa
1956 1535 2141 1592 minus
2165 1537 2373 1603 vitalis,
2392 1553 2516 1609 qua:
2531 1538 2585 1593 in
2605 1540 2955 1608 proverbium
2983 1541 3140 1605 abiit,
3172 1557 3281 1597 non
3307 1543 3416 1597 alia

106 1628 211 1698 μὴ
248 1628 508 1703 προλάϐῃ
554 1649 621 1701 με
651 1632 712 1685 τὸ
735 1631 929 1685 δεινόν.
965 1630 1196 1695 Πελάζει
1229 1630 1337 1703 γάρ
1366 1632 1400 1702 ἡ
1440 1630 1602 1702 κυρία
1632 1630 1687 1683 τί

1839 1635 1940 1694 est,
1981 1629 2288 1694 auditores,
2314 1646 2478 1700 quam
2522 1646 2586 1687 ea
2623 1632 2741 1702 ipsa
2770 1646 2934 1702 quam
2959 1631 3230 1703 degimus.
3268 1632 3414 1700 Quid

100 1720 476 1794 προσϐολῆς,
503 1724 570 1794 ἢν
600 1726 667 1796 τῇ
702 1724 879 1790 πόλει,
915 1724 1100 1795 φασὶν,
1132 1725 1161 1776 ό
1210 1724 1543 1796 πτεροφόρος
1571 1725 1687 1794 ἠπει

1839 1728 2045 1790 tempus
2079 1720 2497 1792 terimus?quid
2529 1722 2849 1777 moramur?
2871 1721 3049 1778 invisa
3080 1720 3192 1779 Deo
3217 1724 3414 1778 Penta-

101 1810 325 1882 λησεν,
359 1815 389 1867 ὁ
432 1814 528 1868 τοῦ
574 1815 831 1885 πολεμίου
880 1814 1247 1888 ἐξηγούμενος
1299 1816 1728 1887 στρατεύματος.

106 1906 398 1961 διάλιστα
420 1907 484 1978 δὴ
524 1908 732 1981 καιρῶν
766 1909 974 1973 ἐκεῖνος
1004 1908 1209 1980 ἱερεῦσι
1252 1906 1343 1960 τὸν
1371 1907 1464 1961 ἐπὶ
1490 1906 1589 1971 τὰς
1626 1906 1727 1959 αύ-

106 1997 232 2061 λδις
258 1996 361 2052 τοῦ
396 1999 531 2053 Θεοῦ
558 2001 755 2072 δρόμον
784 2001 1083 2069 ἀναγκαῖον
1114 2000 1405 2069 ἀποφανεῖ,
1437 1997 1503 2052 ἂν
1525 2000 1582 2051 ὲν
1611 1997 1728 2070 χρῷ

107 2089 235 2158 τῆς
265 2089 529 2154 πόλεωςό
570 2091 811 2155 κίνδυνος
859 2092 1107 2161 γένηται.
1177 2087 1319 2156 Ἐγὼ
1367 2089 1509 2142 κατά
1543 2089 1728 2160 χώραν

109 2181 220 2233 ἐπ’
273 2181 574 2252 ἐκκλησίας
630 2182 797 2253 μενῶ.
862 2182 975 2246 Τὰς
1025 2182 1290 2249 παναγεῖς
1341 2181 1727 2250 προστήσομαι

112 2270 414 2339 χέρνιϐας.
456 2271 846 2343 Προσφύσομαι
896 2271 1005 2325 τῶν
1038 2272 1235 2325 κιόνων
1286 2270 1395 2323 τῶν
1450 2270 1634 2340 ιερῶν,
1667 2269 1725 2323 αἳ

110 2359 231 2430 τὴν
260 2360 461 2414 ἄσυλον
499 2361 606 2415 ἀπὺ
643 2361 747 2432 γῆς
779 2362 1030 2432 ἀνέχουσι
1060 2360 1363 2433 τράπεζαν.
1436 2359 1584 2413 Ἐκεῖ
1628 2360 1725 2413 καὶ

116 2450 243 2513 ζῶν
271 2451 625 2523 καθεδοῦμαι,
657 2454 750 2506 καὶ
771 2453 1056 2507 ἀποθανὼν
1084 2454 1361 2522 κείσομαι.
1393 2451 1723 2523 Λειτουργός

1830 1810 1973 1882 polis
1998 1818 2104 1866 est.
2126 1809 2310 1867 Poenis
2340 1828 2405 1866 ac
2428 1814 2716 1884 suppliciis
2740 1814 2909 1869 dediti
2936 1829 3147 1870 sumus.
3166 1815 3303 1869 Nam
3331 1816 3413 1869 lo-

1828 1910 1985 1957 custa
2009 1917 2354 1974 nequaquam
2378 1906 2564 1960 acrius
2592 1912 2678 1961 est
2705 1913 2759 1961 et
2789 1906 3013 1977 gravius
3044 1907 3280 1971 malum;
3314 1907 3411 1963 sed

1828 1991 1969 2061 ignis
1998 1992 2087 2048 ille
2114 1993 2352 2063 quiante
2369 1995 2558 2051 hostes
2579 1996 2745 2050 trium
2765 1996 2982 2051 urbium
3008 2004 3128 2052 sata
3144 1997 3410 2067 depastus

1826 2089 1933 2137 est.
1948 2081 2085 2149 Quis
2108 2084 2377 2139 malorum
2397 2084 2613 2141 exitus?
2633 2085 2690 2140 Si
2713 2086 2782 2141 ab
2806 2086 2876 2140 iis
2895 2086 3169 2144 immunes
3189 2102 3253 2143 ac
3281 2089 3411 2144 libe-

1828 2188 1903 2228 rae
1923 2175 2282 2241 suntinsulze,
2317 2177 2570 2247 equidem
2603 2178 2951 2249 simulatque
2979 2195 3128 2234 mare
3150 2179 3409 2237 deservie-

1828 2262 1922 2325 rit,
1957 2264 2203 2331 solvam;
2240 2267 2335 2322 sed
2380 2283 2574 2323 vereor
2610 2284 2678 2324 ne
2724 2285 2812 2324 me
2838 2270 3039 2324 malum
3075 2280 3403 2326 antevertat.

1825 2351 1961 2407 Nam
1994 2354 2342 2425 impressioni
2376 2367 2432 2413 et
2455 2358 2761 2414 incursioni
2797 2360 3100 2415 constituta
3137 2362 3256 2418 dies
3307 2378 3407 2432 ap-

1825 2446 2180 2516 propinquat,
2206 2464 2369 2518 quam
2402 2449 2549 2516 urbi,
2573 2458 2635 2504 ut
2670 2451 2844 2513 aiunt,
2873 2463 3147 2519 pennatus
3176 2453 3408 2510 nuntius

117 2547 249 2615 εἰμι
280 2544 375 2598 τοῦ
401 2545 560 2610 Θεοῦ,
592 2547 688 2599 καὶ
732 2545 831 2616 τὴν
859 2544 1034 2617 ψυχὴν
1070 2547 1199 2608 ἴσως
1225 2543 1687 2615 ἀπολειτουργῆσαι

1839 2539 2191 2595 :omminatus
2241 2548 2346 2606 est,
2381 2542 2428 2597 is
2456 2543 2551 2612 qui
2585 2542 2841 2598 hostilem
2870 2544 3178 2599 exercitum
3229 2544 3401 2602 ducit.

123 2652 205 2705 με
242 2635 345 2689 δεῖ.
379 2636 453 2689 Οὐ
490 2636 595 2708 μὴν
628 2637 657 2690 ὃ
684 2654 748 2706 γε
778 2636 910 2700 Θεὸς
942 2635 1265 2706 περιόψεται
1294 2634 1385 2688 τὸν
1419 2633 1602 2705 βωμὸν
1631 2633 1721 2689 τὸν

117 2726 472 2797 ἀναίμακτον
502 2728 690 2799 ἱερέως
716 2729 907 2798 αἵματι
942 2728 1308 2798 μιαινόμενον.

1824 2631 1969 2687 Sane
2012 2631 2145 2687 illud
2185 2649 2294 2704 pra:
2327 2635 2540 2689 caeteris
2590 2647 2810 2705 tempus
2867 2635 3251 2692 sacerdotibus
3307 2650 3404 2691 ne-

1822 2724 2128 2780 cessarium
2161 2725 2229 2779 ad
2279 2726 2419 2779 atria
2474 2727 2570 2782 Dei
2603 2742 2830 2783 cursum
2874 2727 3099 2794 efﬁciet,
3154 2743 3281 2783 cum
3331 2730 3400 2784 ad

121 2822 309 2891 ipsam
347 2821 534 2876 urbem
593 2838 837 2894 praesens
892 2823 1193 2892 periculum
1247 2820 1566 2876 accesserit.
1594 2817 1713 2889 Ego
1746 2817 1805 2872 in
1837 2818 1960 2874 loco
1996 2834 2120 2874 meo
2148 2820 2203 2873 in
2235 2819 2475 2875 ecclesia
2521 2822 2879 2891 permanebo.
2936 2820 3206 2879 Lustralis
3273 2831 3402 2879 ante

122 2930 221 2967 me.
258 2930 413 2985 aqua:
454 2917 805 2971 sanctissima
856 2931 987 2970 vasa
1022 2915 1330 2969 collocabo.
1380 2912 1640 2967 Sacratae
1690 2912 1981 2966 columnas
2020 2912 2356 2981 amplectar,
2396 2927 2517 2981 quae
2571 2928 2765 2982 puram
2806 2922 2861 2966 et
2910 2913 3399 2969 incontaminatam

120 3021 154 3057 a
213 3018 356 3060 terra
405 3024 650 3063 mensam
711 3008 991 3064 sustinent
1030 3030 1042 3064 :
1090 3008 1205 3062 illic
1253 3022 1354 3077 ego
1398 3015 1454 3061 et
1487 3004 1696 3061 sedebo
1741 3006 1921 3070 vivus,
1965 3013 2019 3060 et
2047 3014 2296 3059 mortuus
2340 3004 2557 3075 iacebo.
2601 3003 2698 3060 Dei
2732 3006 2983 3061 minister
3008 3022 3109 3078 ego
3148 3022 3290 3072 sum,
3333 3020 3400 3061 ac

120 3099 438 3163 sacrificus,
484 3116 547 3154 ac
604 3100 838 3156 fortasse
881 3100 1122 3154 animam
1161 3099 1336 3169 ipsam
1394 3096 1712 3153 sacrificare
1752 3096 1830 3151 illi
1871 3111 1957 3150 me
1983 3097 2258 3151 convenit.
2332 3094 2520 3166 Neque
2550 3112 2681 3152 vero
2739 3111 2889 3150 aram
2938 3098 3087 3151 illam
3132 3099 3395 3154 incruen-

121 3207 242 3250 tam
272 3194 412 3251 Dens
445 3194 747 3250 sacerdotis
774 3208 973 3248 cruore
1006 3193 1271 3263 pollutam
1306 3191 1568 3262 negliget.

202 3287 349 3356 Elnc
383 3287 703 3356 κράτιστος
738 3287 810 3338 ἐν
833 3286 1038 3356 λόγοις
1071 3287 1166 3338 καὶ
1202 3283 1564 3356 πράγμασιν,

199 3351 274 3427 ’ᾯ
302 3351 490 3423 auida,
530 3356 838 3418 OaJéJale,
867 3351 1104 3408 παιδεία
1141 3351 1366 3423 πρέπει
1397 3355 1415 3407 f
1421 3354 1497 3423 8).

2014 3276 2265 3332 Sermone
2293 3285 2511 3345 priesles
2537 3275 2691 3329 rebus
2718 3283 2767 3330 et
2800 3286 2959 3346 ςεδιη
2988 3280 3198 3346 prem

2025 3348 2193 3412 Quem
2222 3356 2433 3412 cuncta,
2457 3346 2741 3412 Thalehee,
2766 3345 3012 3415 doctrina
3046 3345 3284 3401 addecet.

1378 3508 1562 3564 DION.
1610 3503 1889 3561 PETAVII
1921 3502 2155 3559 NOTA.

202 3626 276 3697 (7)
313 3626 374 3677 '0
397 3628 977 3698 ﬂexapemencyéroc
1004 3621 1165 3698 βίος.
1197 3617 1580 3698 (ξοιιιηιοᾶειθι
1605 3630 1701 3669 ve-

125 3690 233 3751 teri
258 3690 568 3762 germanam
600 3690 886 3748 lectionem
909 3694 1182 3745 eruimus.
1211 3690 1386 3742 Antea
1421 3690 1567 3742 enim
1598 3701 1699 3738 πε-

28 3838 29 3843 ρ
126 3765 603 3837 παρῤησιασμένος
630 3779 913 3833 perperam
946 3762 1248 3832 legebatur.

148 3970 1197 4005 Μ

1880 3612 1956 3681 (8)
1982 3612 2129 3678 Εῑης
2150 3611 2485 3679 κράτιστος.
2521 3610 2665 3666 Duos
2700 3612 2822 3667 illos
2860 3624 2985 3667 esse
3018 3610 3266 3681 senarios
3289 3612 3399 3673 de:

1848 3683 2218 3752 reliendimus,
2250 3691 2304 3734 et
2333 3682 2555 3737 aliunde
2588 3683 2696 3737 huc
2723 3683 2989 3748 intrusos,
3021 3679 3290 3752 planeque
3315 3683 3389 3740 ab

1827 3767 1908 3806 iac
1938 3750 2208 3807 Catastasi
2238 3752 2469 3807 alienos.

1203 3962 3375 3999 Μ

468 4152 1201 4268 ΣΥΝΕΣΙΟΥ
1274 4149 2209 4266 ΞΕΠΙΣΚΟΠΟΥ
2307 4150 3030 4268 ΚΥΡΗΝΗΣ

1388 4370 2102 4459 ΚΑΤΑΣΤΑΣΙΣ.

1083 4723 1661 4839 SYNESII
1739 4723 2421 4844 CYREN/EI

1242 4960 2065 5056 CONSTITUTIO
2115 4955 2233 5053 (α).

204 5292 327 5353 Οὔτε
351 5295 665 5367 φιλοσοφίαν
687 5296 1034 5351 ἀπολίτευτον
1062 5297 1441 5369 προελόμενος,
1474 5301 1687 5374 καὶτῆς

1863 5305 2043 5379 305.
2084 5306 2221 5363 Cum
2270 5309 2515 5366 studium
2562 5312 2843 5381 sapientiae
2895 5327 3005 5369 non
3052 5314 3286 5371 alienum
3330 5330 3364 5370 ιι

142 5387 625 5460 φιλανθρωποτάτης
650 5388 948 5460 θρησκείας
968 5389 1266 5461 ἐναγούσης
1287 5393 1365 5455 εἰς
1384 5386 1518 5463 ἦθος
1540 5395 1684 5464 φιλό-

1839 5397 1941 5451 vili
1986 5401 2406 5457 conversatione
2441 5402 2729 5474 elegerim,
2789 5412 2844 5460 et
2882 5405 3065 5461 cultus
3115 5407 3361 5460 omnium

142 5495 315 5535 κοινονο
339 5481 621 5552 ὑπήκουσά
646 5496 698 5534 τε
717 5480 1047 5552 καλούμενος
1064 5481 1157 5573 ύφ⁹
1185 5483 1361 5553 ὑμῶν,
1392 5486 1485 5538 καὶ
1505 5488 1682 5559 χαίρω

1839 5492 2229 5549 umanissimus
2259 5494 2451 5551 invitet
2499 5502 2663 5566 atque
2692 5496 2915 5553 inducat
2946 5496 3013 5551 ad
3045 5511 3227 5551 mores
3271 5510 3362 5552 so—

207 5660 274 5734 (a)
301 5660 415 5718 Sive
447 5658 687 5730 Elogium
730 5659 935 5728 Anysii.
980 5656 1108 5717 Fed.
1173 5659 1396 5719 Morello
1462 5663 1782 5734 interprete.
