3838 6236
457 313 597 369 15ῖῦ

1586 305 1856 363 SYNESll
1897 304 2352 361 PTOLEMAlDlS
2399 307 2704 363 EI’lSCOPl

3601 307 3626 359 1
3637 308 3725 361 576

455 432 671 487 cietatis
701 437 967 494 amantes,
1012 429 1270 484 obaudivi
1304 438 1530 485 vocatus
1576 444 1604 482 a
1631 429 1804 493 vobis,
1829 437 1880 497 et
1901 443 2015 498 gau-

2139 427 2323 497 μαθὼν
2354 429 2438 496 ἐφ’
2467 422 2548 490 οἷς
2570 430 2623 482 αἱ
2644 427 2824 490 πόλεις
2855 426 3380 497 συνδεδραμήκατον.
3424 426 3719 498 Προῦργοπε

453 523 558 576 deo
594 520 740 591 quod
773 520 1057 574 didicerim
1086 535 1194 589 qua
1231 521 1299 574 de
1330 535 1492 574 causa
1536 519 1697 573 urbes
1725 533 2026 572 concurre—

455 615 570 668 rint
607 614 749 666 inter
784 627 863 665 se.
900 610 1035 664 Nam
1081 626 1261 680 opera:
1305 611 1536 680 pretium
1588 609 1738 678 ipsas
1783 608 2026 662 facturas

455 703 688 773 opinor,
736 701 781 756 si
822 710 875 755 et
927 717 1072 756 nunc
1116 709 1170 756 et
1208 702 1263 755 in
1308 711 1585 770 posterum
1629 716 1757 770 erga
1801 715 1896 754 eos
1933 699 2025 768 qui

456 795 600 847 ultro
642 793 899 847 beneﬁcia
939 792 993 846 in
1033 793 1180 862 ipsas
1211 792 1578 853 contulerunt,
1629 801 1794 860 grata:
1833 796 1887 844 et
1917 789 2026 843 sint

453 896 506 939 et
541 884 852 938 videantur.
887 883 1257 949 Quamobrem
1292 897 1612 938 communes
1649 881 1834 952 populi
1863 896 2025 936 voces

455 977 819 1045 suscepimus,
851 984 904 1029 et
945 976 987 1028 si
1026 975 1296 1044 quispiam
1333 975 1586 1044 privatim
1621 988 1900 1030 sermones
1928 973 2026 1026 ha-

455 1068 590 1132 buit,
632 1084 822 1121 omnes
861 1069 1046 1136 utique
1086 1067 1339 1122 laudibus
1367 1069 1557 1122 extuli.
1606 1067 1898 1120 Enimvero
1929 1080 2028 1136 par

451 1167 536 1212 est
564 1173 648 1212 me
684 1173 807 1212 esse
847 1175 912 1212 ex
950 1175 1139 1213 eorum
1171 1175 1398 1214 numero
1429 1159 1520 1228 qui
1552 1159 1686 1213 bene
1716 1159 1876 1212 dictis
1906 1174 2027 1213 cer.

453 1256 587 1302 tant.
630 1246 770 1313 Quin
801 1249 965 1302 etiam
1011 1249 1124 1302 hzec
1157 1248 1223 1301 ad
1263 1265 1347 1303 me
1389 1249 1562 1318 magis
1590 1265 1753 1317 quam
1784 1247 1851 1302 ad
1889 1248 2024 1302 alios

452 1340 702 1400 attinent,
731 1356 851 1410 qua:
881 1341 1193 1393 communia
1231 1348 1358 1394 sunt
1387 1359 1397 1394 :
1431 1349 1482 1393 et
1517 1340 1748 1408 gratiam
1783 1355 1879 1408 pro
1911 1340 2024 1393 sin-

450 1430 613 1499 gulis,
652 1446 749 1498 pro
783 1431 899 1485 cive
926 1439 979 1484 et
1013 1430 1252 1493 civitate,
1291 1431 1406 1500 ipse
1436 1446 1554 1484 meo
1585 1429 1804 1484 nomine
1829 1428 2024 1483 debere

453 1523 522 1577 iis
554 1523 646 1591 qui
687 1523 914 1592 benigne
947 1523 1194 1582 fecerint,
1247 1523 1524 1577 existimo.
1565 1521 1765 1587 Quidni
1797 1521 1940 1575 enim
1977 1522 2022 1577 is

451 1629 616 1683 quem
652 1629 750 1682 pro
774 1613 1158 1666 communibus
1193 1613 1352 1666 bonis
1380 1627 1568 1681 preces
1601 1610 1828 1666 fundere
1861 1625 2023 1680 opor-

452 1715 548 1771 tet,
582 1707 657 1758 illi
690 1706 919 1775 gratiam
954 1703 1174 1770 debeat,
1201 1705 1290 1774 qui
1328 1705 1445 1774 ipsa
1470 1715 1581 1758 tum
1613 1705 1878 1767 exercitu,
1908 1713 2019 1757 tum

452 1799 555 1849 alia
595 1812 722 1851 cura
775 1812 838 1849 ac
885 1795 1256 1851 sollicitudine
1304 1796 1560 1852 auxerit?
1592 1794 1695 1862 Qui
1742 1811 1872 1850 vero
1911 1810 2020 1850 non

453 1888 654 1954 quovis
688 1888 896 1942 honore
943 1886 1212 1942 aliicerem
1261 1903 1386 1942 eum
1419 1887 1508 1942 cui
1554 1898 1612 1940 ut
1643 1889 1756 1941 voti
1797 1902 2021 1958 compos

453 1978 620 2032 furem
654 1979 946 2033 sudoribus
975 1977 1237 2047 perfecit?
1277 1978 1537 2048 Equidem
1569 1994 1598 2032 a
1631 1977 1740 2033 Deo
1784 1979 1914 2048 petii
1964 1989 2022 2035 ut

452 2069 593 2123 male
631 2068 871 2137 perirent
899 2068 1023 2120 mali
1055 2076 1107 2122 et
1149 2069 1473 2124 exsecrandi
1507 2069 1747 2124 barbari.
1775 2067 1888 2124 lloc
1922 2087 2020 2124 au-

451 2167 558 2213 tein
598 2160 785 2228 Anysii
829 2175 1025 2214 manus
1057 2159 1148 2215 Dei
1198 2162 1395 2216 virtute
1439 2162 1804 2231 perfecerunt.
1834 2163 1910 2218 Ex
1952 2164 2019 2220 iis

449 2258 599 2304 certe
631 2250 932 2318 equitibus,
969 2251 1060 2320 qui
1086 2267 1253 2321 supra
1293 2252 1440 2307 mille
1484 2269 1657 2323 nuper
1697 2255 2018 2325 impressio-

448 2357 570 2396 nem
611 2341 872 2406 fecerant,
928 2361 997 2399 ne
1040 2346 1289 2414 quintam
1338 2345 1556 2416 quidem
1608 2349 1852 2402 relictam
1898 2364 2020 2404 esse

449 2439 655 2503 partem
704 2437 855 2488 aiunt
899 2443 1006 2488 tam
1048 2437 1121 2490 illi
1165 2436 1266 2505 ipsi
1305 2437 1399 2506 qui
1443 2437 1731 2494 inferiores
1775 2438 2014 2504 fuerunt,

447 2541 612 2596 quam
637 2527 731 2596 qui
788 2536 1096 2596 prostratos
1135 2539 1616 2596 enumeraverunt,
1649 2538 1703 2583 et
1729 2532 1905 2586 adhuc
1930 2547 2018 2586 su-

449 2617 704 2686 perstites
757 2628 928 2672 sunt:
964 2620 1125 2686 idque
1169 2622 1376 2690 peregit
1426 2636 1534 2674 non
1591 2623 1803 2691 magnis
1843 2619 2018 2691 copiis

447 2707 734 2776 pra-fectus
783 2717 946 2776 atque
995 2710 1347 2763 instructus:
1403 2710 1602 2779 quippe
1651 2711 2014 2782 quadraginta

447 2804 656 2851 tantum
690 2797 790 2850 viri
827 2815 950 2853 cum
994 2800 1112 2868 ipso
1143 2801 1362 2854 stabant
1395 2802 1448 2856 iu
1485 2801 1624 2856 acie.
1649 2802 1812 2872 Atqui
1849 2804 1916 2859 dc
1948 2805 2016 2861 iis

446 2887 689 2956 profecto
721 2889 846 2941 mali
895 2890 1028 2943 nihil
1062 2889 1237 2944 dicam
1275 2901 1385 2944 tam
1420 2892 1698 2961 equitibus
1723 2909 1886 2963 quam
1922 2911 2016 2964 pc-

444 2972 670 3041 ditibus,
699 2977 898 3045 quibus
928 2978 1261 3033 frumentum
1288 2980 1503 3034 damus.
1546 2979 1740 3036 Verum
1789 2983 1875 3038 hic
1911 3001 2010 3052 pu-

2128 517 2237 588 γὰρ
2270 519 2458 581 αὑταῖς
2497 519 2677 588 οἴομαι
2717 519 2810 571 καὶ
2854 519 2949 570 νῦν
2987 519 3078 571 καὶ
3122 519 3446 589 ἐσύστερον,
3496 520 3565 580 ἐς
3609 521 3718 579 tot;
3789 587 3792 590 .

2129 608 2474 680 ὑπάρξαντας
2503 611 2677 682 ἔργων
2703 609 2922 678 ἀγαθῶν
2941 611 3292 680 εὐχαρίστους
3321 611 3424 662 καὶ
3458 607 3617 663 εἶναι
3643 614 3717 662 καί

2128 701 2434 767 φαίνεσθαι.
2468 703 2577 765 Τάς
2608 720 2667 755 τε
2700 701 2791 756 οὖν
2825 703 3005 765 κοινὰς
3032 701 3377 771 ὑπεδεξάμην
3410 701 3515 754 τοῦ
3552 703 3713 770 δήμου

2129 791 2344 860 φωνὰς,
2397 792 2492 845 καὶ
2522 793 2668 855 ὅστις
2725 793 2828 864 ἰδίᾳ
2856 793 3011 859 λόγον
3041 791 3262 857 διέθετο,
3305 795 3535 857 πάντας
3592 793 3713 862 ὁμιῦ

2126 885 2238 945 τοῖς
2273 882 2510 947 ἐπαίνοις
2544 883 2801 954 ἐπῄνεσα.
2847 885 3008 936 Ἀλλὰ
3040 884 3180 954 κάμὲ
3209 886 3290 937 δεῖ
3313 885 3591 952 γενέσθαι
3621 884 3715 936 τῶν
3783 871 3788 892 ³

2127 974 2509 1041 εύλογούντων,
2559 977 2724 1046 κάμοὶ
2772 976 3036 1045 προσήκει
3099 974 3296 1044 μᾶλλον
3336 973 3580 1044 ἐτέρων,
3633 977 3712 1027 2.3:

2126 1063 2195 1116 τὰ
2222 1064 2394 1129 κοινά,
2443 1069 2534 1118 καὶ
2563 1068 2662 1138 τὴν
2703 1069 2841 1138 ὑπὲρ
2873 1068 3100 1120 ἑκάστου
3130 1067 3309 1136 χάριν,
3348 1069 3451 1119 καὶ
3484 1067 3710 1125 ἰδιώτσε,
3791 1084 3794 1088 '

2127 1158 2219 1208 καὶ
2236 1156 2438 1219 πόλεως
2458 1159 2618 1221 αὐτὸς
2646 1160 2877 1227 ὀφείλειν
2898 1162 3006 1223 τοῖς
3025 1156 3081 1214 εὖ
3104 1178 3154 1213 τι
3186 1163 3493 1229 ποιήσασιν
3512 1160 3708 1228 οἴομαι.

2132 1247 2226 1298 Ὃν
2253 1248 2358 1317 γὰρ
2393 1248 2529 1318 ὑπὲρ
2556 1248 2663 1303 τῶν
2695 1250 2886 1302 κοινῶν
2912 1251 3129 1318 ἀγαθῶν
3160 1249 3428 1312 εὖξασθαι
3461 1250 3574 1313 δεῖ,
3608 1252 3710 1312 πῶς

2123 1336 2224 1390 ούκ
2270 1339 2492 1409 ὀφλήσει
2542 1342 2698 1410 χάριν
2747 1341 2822 1412 τῷ
2868 1343 2954 1396 διὰ
2983 1344 3268 1414 στρατείας
3309 1343 3464 1394 αὐτὰ
3492 1345 3592 1395 καὶ
3623 1344 3710 1410 τῆς

2125 1429 2289 1500 ἄλλης
2325 1433 2638 1501 ἐπιμελείας
2686 1433 3009 1503 αὑξήσαντι;
3062 1435 3182 1498 Πῶς
3221 1435 3276 1486 δὲ
3305 1435 3370 1486 ού
3407 1434 3505 1487 διὰ
3541 1435 3710 1502 πάσης

2125 1519 2256 1574 οῖσω
2275 1524 2438 1594 τιμῆς
2468 1523 2576 1584 τὸν,
2601 1524 2684 1576 ἵνα
2709 1525 2854 1595 τύχω
2870 1525 2970 1593 τῆς
2990 1525 3170 1595 εὐχῆς.
3197 1525 3385 1595 ἱδρῶτι
3409 1525 3708 1593 διαπραξῶ

2129 1629 2320 1681 μενονς
2348 1614 2564 1676 Κακοὺς
2582 1615 2768 1677 κακῶς
2792 1615 3186 1669 ἀπολωλεκέναι
3216 1617 3343 1678 τοὺς
3364 1617 3708 1686 καταράτους

2128 1702 2454 1774 βαρϐάρους,
2489 1705 2600 1773 ἐγὼ
2629 1707 2727 1776 μὲν
2759 1706 2937 1777 ᾔτησα
2961 1708 3052 1760 τὸν
3076 1707 3225 1761 Θεόν.
3255 1709 3320 1759 Αἱ
3361 1707 3422 1760 δὲ
3467 1707 3708 1759 Ἀνυσίον

2126 1796 2303 1865 χεῖρες
2343 1794 2483 1847 κατά
2515 1794 2646 1847 Θεὸν
2694 1795 3093 1866 ἐξειργάσαντο.
3138 1794 3259 1847 Τῶν
3289 1796 3358 1862 γέ,
3385 1813 3476 1847 τοι
3531 1794 3709 1864 aetery

2121 1884 2551 1955 εἰσϐεϐληκότων
2619 1887 2860 1946 ἱππέων,
2926 1888 3062 1958 ὑπὲρ
3122 1887 3322 1955 χιλίους
3385 1887 3572 1939 ὄντων
3632 1889 3708 1937 tes

2121 1975 2372 2048 ἀριθμὸν,
2418 1977 2541 2030 οὐδὲ
2586 1979 2977 2049 πεμπτημόρια
3005 1978 3267 2038 λείπεται,
3319 1979 3496 2045 φασιν
3535 1980 3588 2028 οἱ
3627 1994 3704 2027 πο

2121 2069 2402 2135 πονθότες,
2449 2070 2605 2123 αὐτοὶ
2637 2062 2784 2123 οὗτοι
2812 2069 2943 2133 ζῶσι
2976 2072 3100 2130 τοὺς
3135 2072 3507 2131 πεπτωκότας
3543 2070 3708 2138 διαρι-

2121 2162 2448 2232 θμήσαντες.
2481 2163 2592 2214 Καὶ¹
2635 2161 2809 2214 ταῦτα
2841 2162 2903 2214 οὑ
2939 2161 3131 2214 πολλοῦ
3169 2161 3592 2230 στρατεύματος
3629 2159 3709 2222 ἐξ·

2117 2251 2419 2320 ηγουμένου
2473 2251 2793 2318 εἴργασται·
2845 2250 2958 2303 ἀλλ’
3016 2250 3203 2319 ἄνδρες
3242 2247 3401 2318 αὑτῷ
3453 2265 3705 2318 συμπαρ-

2123 2341 2408 2394 ετάττοντο
2425 2340 2854 2409 τεσσαράκοντα.
2874 2339 3042 2406 Κάγὼ
3065 2339 3162 2407 μὲν
3185 2337 3336 2388 οὐδὲν
3375 2337 3493 2406 ἐρῶ
3515 2335 3707 2402 φαῦλον

2119 2428 2199 2496 οἷς
2224 2432 2532 2502 σιτοδοῦμεν
2566 2433 2776 2485 ἱππέων
2806 2448 2866 2483 τε
2895 2432 2989 2484 καὶ
3025 2430 3222 2494 πεζῶν.
3254 2430 3463 2480 Οὑτοσὶ
3492 2429 3550 2480 δὲ
3577 2427 3705 2480 05v-

2120 2524 2397 2593 νιγάρδαις
2423 2525 2532 2576 δεῖν
2569 2523 2738 2575 οἴεται
2771 2522 2904 2592 πρὸς
2935 2521 3147 2574 ἅπαντα
3175 2520 3420 2590 χρῆσθαι
3443 2537 3460 2551 ο
3498 2520 3625 2578 τοὺς
3651 2518 3704 2569 δὲ

2118 2615 2342 2676 πολλοὺς
2383 2614 2623 2676 τούτους,
2653 2613 2771 2665 οὑδὲ
2814 2612 2921 2665 τῶν
2955 2612 3248 2682 ἀλλοτρίων
3280 2611 3469 2680 ἔργων
3500 2610 3707 2678 ἐπηγά·

2117 2721 2244 2772 γετο
2283 2706 2495 2767 θεατάς.
2529 2699 2687 2758 Οὗτοι
2730 2703 2995 2774 χωροῦσιν
3034 2701 3197 2755 αὑτοῦ
3235 2702 3405 2770 μόνου
3437 2701 3512 2752 τὰ
3544 2715 3706 2768 στρα-

2116 2799 2425 2867 τηγήματα.
2474 2796 2690 2848 Τούτων
2737 2797 2854 2848 ἐστὶ
2891 2795 3106 2864 λοχίτης
3132 2794 3226 2846 καὶ
3269 2793 3545 2862 λοχαγός·
3582 2791 3704 2844 τού-

2115 2906 2224 2941 των
2253 2889 2370 2940 ὲστὶ
2397 2885 2800 2958 συστρατιώτης
2831 2889 2924 2939 καὶ
2954 2886 3284 2957 στρατηγός·
3325 2884 3473 2953 μετὰ
3497 2884 3708 2936 τούτων

2115 2981 2296 3049 τρέχει
2348 2978 2435 3031 διὰ
2477 2978 2574 3047 τῆς
2628 2977 2808 3048 χώρας
2863 2977 3060 3046 δρόμον
3113 2975 3356 3028 ἔνοπλον.
3407 2975 3567 3043 Ταχὺ
3612 2975 3712 3044 μὲν

443 3072 524 3118 tat
557 3064 996 3138 Unnigardarum
1032 3084 1196 3140 Opera
1246 3069 1310 3124 ad
1342 3071 1523 3125 omnia
1558 3087 1681 3127 esse
1719 3074 2008 3132 utendum:

2119 3071 2429 3141 ἁπανταχοῦ
2459 3071 2668 3138 γίνεται
2688 3086 2702 3099 ⁸
2737 3070 2861 3138 νικᾷ
2891 3068 2947 3120 δὲ
2974 3068 3106 3119 ὅπου
3142 3067 3234 3119 καὶΙ
3267 3065 3509 3132 γένοιτο.
3551 3063 3714 3119 υῖποι

443 3155 582 3211 istos
609 3171 760 3222 vero,
814 3174 1048 3227 quorum
1093 3159 1270 3228 major
1307 3170 1391 3216 est
1431 3176 1713 3224 numerus,
1769 3179 1836 3218 ne
1883 3165 2016 3219 alie-

444 3263 638 3303 lorum
669 3249 889 3319 quidem
920 3265 1144 3319 aperum
1176 3260 1512 3318 spectatores
1545 3253 1781 3308 induxit.
1846 3253 2016 3309 Unni-

445 3338 629 3409 gardaa
662 3337 838 3410 ipsius
868 3341 1041 3396 solius
1079 3340 1243 3411 306
1276 3341 1470 3396 bellica
1513 3351 1636 3396 acta
1687 3351 1742 3398 et
1783 3345 2016 3399 consilia

446 3431 689 3499 capiunt.
737 3433 936 3486 Eorum
973 3441 1057 3486 est
1094 3433 1489 3502 manipularius
1529 3442 1583 3489 et
1627 3434 1872 3490 cohortis
1917 3435 2016 3489 du-

443 3528 604 3574 ctor:
645 3523 961 3577 eorumdem
992 3523 1296 3578 commilito
1325 3532 1378 3592 et
1410 3525 1705 3595 imperator
1733 3546 1746 3580 :
1781 3541 1904 3580 cmn
1931 3527 2015 3581 his

443 3614 686 3667 excurrit
731 3629 826 3684 per
864 3630 1143 3685 campum,
1193 3631 1360 3670 cursu
1402 3617 1455 3670 in
1513 3617 1682 3672 armis
1740 3617 2012 3672 confecto.

442 3705 703 3761 Celeriter
747 3707 950 3776 ubique
989 3708 1232 3761 locorum
1265 3718 1393 3763 est:
1441 3710 1611 3763 vincit
1661 3720 1839 3763 autem
1875 3725 2014 3778 qua-

443 3812 658 3866 cunque
697 3797 954 3852 adfuerit.
1013 3797 1168 3864 Quod
1221 3800 1266 3854 si
1303 3799 1356 3852 hi
1407 3798 1590 3866 plures
1624 3809 1830 3863 essent,
1881 3809 2012 3868 puta

444 3897 639 3958 praeter
675 3904 770 3943 eos
804 3906 944 3959 quos
978 3891 1258 3956 habemus,
1290 3892 1536 3955 ducenti,
1575 3891 1666 3946 Dei
1707 3891 1878 3946 fretus
1910 3907 2014 3960 ope

443 3976 618 4033 audeo
648 3992 964 4033 asseverare
991 3979 1134 4032 hunc
1171 3979 1476 4034 animosum
1503 3980 1759 4047 juvenem
1793 3981 1846 4034 in
1890 3981 2014 4034 bar-

443 4073 700 4126 barorum
739 4079 939 4126 terram
976 4071 1177 4125 bellum
1229 4070 1611 4142 trajecturuni.
1657 4070 1837 4138 Quare
1867 4074 2014 4145 Any-

443 4162 526 4216 sio
556 4162 680 4216 duci
718 4161 987 4218 ducentos
1031 4163 1373 4232 Unnlgardas
1418 4178 1730 4233 poscemus,
1766 4165 1812 4217 si
1861 4166 2011 4233 cogi-

444 4257 620 4305 temus
648 4256 702 4303 et
729 4249 961 4305 velimus
1002 4251 1443 4320 consanguineos
1475 4266 1502 4304 a
1537 4252 1893 4306 barbarorum
1926 4267 2010 4306 re-

446 4341 605 4410 gione
645 4355 930 4396 revocare.
976 4339 1192 4396 Utinam
1230 4358 1444 4411 possem
1482 4342 1666 4396 videre
1710 4343 2007 4410 spoliorum

444 4449 695 4487 acervum
745 4444 797 4488 et
843 4435 1078 4502 przedam
1126 4435 1520 4502 mancipiorum
1571 4433 2006 4497 barbaricorum,

441 4530 602 4591 atque
630 4538 752 4577 eum
784 4523 876 4592 qui
905 4536 1079 4592 nuper
1121 4521 1379 4576 dominus
1409 4532 1547 4584 erat,
1590 4522 1832 4575 vicissim
1887 4521 2010 4575 aliis

441 4613 807 4667 servientem!
848 4611 973 4666 Haec
997 4611 1198 4667 nudius
1228 4612 1446 4682 quidem
1484 4613 1680 4665 tertius
1715 4621 1901 4681 optare
1935 4613 2012 4664 I'a-

437 4701 541 4754 cile
566 4709 681 4755 erat
713 4719 726 4755 :
760 4717 906 4755 nunc
927 4717 1057 4756 vero
1081 4703 1245 4755 etiam
1277 4717 1498 4770 Sperarc
1516 4702 1701 4755 eadem
1737 4703 2007 4772 integrum

437 4800 542 4846 est.
585 4790 718 4844 Nam
751 4807 870 4860 qua:
899 4793 1075 4846 oculis
1098 4793 1342 4859 subjecta
1380 4791 1536 4844 ﬁdem
1567 4791 1794 4855 faciunt,
1815 4807 2006 4845 eorum

437 4896 558 4950 qua:
586 4888 972 4945 exspectantur
1012 4883 1234 4949 pignora
1274 4881 1415 4934 facta
1444 4889 1606 4947 sunt;
1637 4892 2007 4936 verumtamen

439 4970 504 5022 ad
523 4969 636 5023 luec
659 4971 949 5024 obtinenda
983 4972 1192 5041 Anysio
1213 4972 1568 5024 ducentorum
1599 4970 1854 5040 praefecto
1870 4988 2008 5041 opus

437 5068 540 5113 est.
575 5059 670 5114 llic
699 5059 1030 5131 Unnigardis
1061 5063 1246 5117 utendi
1281 5073 1336 5116 et
1367 5061 1602 5115 indolem
1639 5062 1801 5116 habet
1829 5069 1881 5116 et
1917 5077 2008 5115 ar-

440 5157 545 5202 tem
581 5167 593 5201 :
635 5157 689 5201 et
724 5149 864 5203 idem
910 5158 1088 5219 potest
1137 5152 1283 5204 viros
1319 5165 1624 5215 exarmare,
1667 5159 2004 5211 excastrare,

439 5249 588 5293 euut
640 5240 790 5294 lubet
839 5257 1044 5312 regere.
1085 5241 1409 5312 Unnigarda:
1447 5257 1570 5296 cum
1625 5243 1849 5312 Anysio,
1901 5241 2007 5297 Ro-

442 5343 616 5382 manae
649 5328 776 5382 sunt
807 5343 1024 5394 manus,
1059 5330 1302 5386 Romana
1333 5333 1548 5387 militia.
1580 5331 1697 5386 Jam
1732 5333 1850 5388 sine
1879 5333 2004 5394 isto,

440 5422 820 5492 quadragenos
849 5427 1012 5479 etiam
1043 5434 1336 5494 praesentes
1375 5425 1598 5480 laudare
1625 5425 1843 5495 quidem
1881 5439 2006 5494 pos-

439 5528 561 5566 sum
599 5513 668 5566 ob
706 5515 872 5568 robur
906 5531 918 5566 :
961 5515 1053 5568 sed
1090 5529 1188 5583 pro
1237 5516 1477 5582 ipsorum
1507 5518 1692 5569 animo
1739 5519 2006 5585 spondere

435 5603 622 5656 nolim.
664 5601 878 5656 Relatio
931 5605 1228 5658 adornetur
1257 5622 1378 5675 qua:
1428 5608 1494 5662 de
1529 5607 1734 5678 Anysio
1767 5615 1903 5671 oret,
1951 5614 2004 5660 et

403 5729 406 5732 .
435 5692 640 5748 milites
666 5700 719 5746 et
745 5696 956 5763 tempus
988 5704 1180 5765 poscat
1214 5705 1440 5753 strenuo
1485 5697 1617 5752 huic
1647 5697 1784 5753 viro.
1837 5697 1999 5771 At_in

2118 3162 2332 3224 πλείους
2364 3164 2410 3214 εί
2436 3161 2696 3229 γένοιντο,
2733 3159 2868 3230 πρὸς
2897 3153 2978 3222 οἷς
3017 3159 3210 3227 ἔχομεν
3239 3157 3538 3220 διακόσιοι,
3572 3159 3715 3228 μετὰ

2116 3254 2212 3306 τοῦ
2232 3252 2368 3306 Θεοῦ
2387 3252 2602 3324 θαρρῶν
2621 3252 3010 3320 ἀποφαίνομαι,
3034 3250 3244 3302 τουτονὶ
3261 3250 3352 3301 τὸν
3373 3251 3613 3303 νεανίαν
3636 3255 3714 3313 εἰς

2115 3346 2214 3416 τὴν
2241 3345 2462 3398 ἐκείνων
2484 3344 2818 3398 διαϐιϐάσειν
2842 3343 2932 3396 τὸν
2956 3343 3210 3412 πόλεμον.
3253 3343 3496 3414 Ἀνυσίῳ
3536 3360 3714 3415 στρα-

2115 3436 2268 3506 τηγῷ
2294 3437 2599 3498 διακοσίους
2619 3436 2986 3505 Οὑννιγάρδας
3016 3435 3401 3503 αἰτήσομεν·εἱ
3430 3435 3714 3505 μέλλομεν

2117 3527 2404 3593 ἐπανάξειν
2424 3528 2532 3581 ἀπὸ
2549 3527 2647 3597 τῆς
2672 3527 2944 3597 βαρϐάρου
2967 3527 3087 3586 τοὺς
3123 3528 3431 3592 συγγενεῖς·
3467 3526 3609 3578 Εἴθε
3634 3545 3716 3595 γε·

2116 3619 2308 3688 νοίμην
2330 3617 2583 3688 λαφύρων
2608 3618 2734 3671 ἰδεῖν
2761 3617 2949 3688 νομὴν,
2974 3615 3318 3686 ἀνδραπόδων
3343 3615 3715 3688 βαρϐαρικῶν

2116 3708 2206 3759 τὸν
2250 3707 2386 3769 τέως
2436 3707 2700 3776 δεσπότην
2743 3703 3174 3759 ἀντιδουλεύοντα
3215 3703 3228 3753 l
3262 3701 3454 3754 Ταῦτα
3511 3705 3714 3773 11903139

2119 3799 2215 3867 μὲν
2256 3797 2513 3862 εὔξασθαι
2545 3799 2674 3868 ῥᾷον
2710 3793 2809 3867 ἦν’
2843 3796 2936 3848 νῦν
2979 3795 3035 3846 δὲ
3069 3794 3215 3847 ἐστιν
3247 3793 3391 3846 αὐτὰ
3423 3795 3526 3846 καὶ
3556 3795 3712 3846 ἐλπί-

2117 3907 2227 3942 σαι.
2255 3891 2334 3943 Τὰ
2360 3890 2466 3960 γὰρ
2489 3891 2545 3942 ἐν
2572 3889 2865 3959 ὀφθαλμοῖς
2888 3889 3072 3949 πιστὰ,
3092 3886 3199 3938 τῶν
3225 3885 3711 3954 προσδοκωμένων

2114 3981 2347 4051 ἐνέχυρα
2398 3981 2608 4048 γέγονε.
2645 3979 2786 4051 Πρὸς
2830 3975 2922 4033 οὖν
2969 3978 3140 4030 ταῦτα
3183 3976 3436 4029 Ἀνυσίου
3483 3978 3572 4030 δεῖ
3607 3979 3710 4030 τῶν

2112 4071 2398 4125 διακοσίων
2424 4071 2749 4140 ¹ἡγουμένου.
2779 4064 2947 4132 Οὗτος
2977 4068 3370 4136 υὺννιγάρδαις
3394 4070 3707 4139 κεχρῆσθαι

2115 4165 2209 4216 καὶ
2261 4164 2420 4233 φύσιν
2469 4163 2709 4233 ἔχεικαὶ
2757 4163 2972 4232 τέχνην.
3028 4161 3263 4213 Δύναται
3317 4164 3447 4225 τοὺς
3509 4165 3706 4234 ἄνδρας

2112 4251 2489 4318 ἐξοπλίζεσθαι
2512 4253 2606 4304 καὶ
2637 4251 3127 4322 μεταχειρίζεσθαι.
3158 4251 3534 4321 υὺννιγάρδαι
3570 4255 3705 4322 μετὰ

2129 4342 2368 4397 Ἀνυσίου
2409 4341 2713 4412 Ῥωμαϊκαὶ
2767 4342 2947 4412 χεῖρές
2997 4344 3156 4394 εἰσιν.
3210 4344 3375 4395 Ἀνευ
3422 4343 3481 4395 δὲ
3514 4346 3702 4398 τούτου

2115 4429 2358 4494 καὶτοὺς
2404 4432 2814 4501 τεσσαράκοντα
2841 4433 2967 4494 τοὺς
3017 4431 3288 4500 παρόντας
3322 4435 3580 4487 ἐπαινεῖν
3613 4437 3703 4503 μὲν

2112 4521 2220 4591 ἔχω
2245 4522 2342 4592 τῆς
2373 4520 2583 4592 ῥώμης,
2612 4518 2985 4589 ἐγγυήσασθαι
3013 4519 3070 4571 δὲ
3094 4519 3194 4588 τῆς
3227 4520 3462 4590 γνώμης
3492 4523 3559 4573 ού
3588 4521 3704 4590 βού-

2111 4613 2292 4682 λομαι.
2380 4612 2653 4682 Ἀναφορὰ
2723 4610 3021 4663 στελλέσθω
3102 4613 3229 4680 περὶ
3292 4611 3496 4662 τούτου
3579 4629 3704 4682 πρε-

2115 4703 2412 4764 σϐεύουσα,
2452 4700 2787 4772 στρατιώτας
2819 4701 2914 4754 καὶ
2961 4703 3150 4771 χρόνον
3201 4701 3435 4754 αἰτοῦσα
3467 4704 3554 4773 τῷ
3583 4721 3702 4770 γεν-

2111 4793 2264 4862 ναίῳ.
2311 4795 2420 4845 Καὶ
2477 4790 2624 4845 τᾶλλ’
2675 4794 2856 4854 ὁποῖος
2907 4792 3084 4862 ἀνὴρς
3136 4792 3225 4843 τὸν
3255 4792 3348 4844 ἐπὶ
3382 4795 3621 4863 εἰρήνης
3650 4793 3701 4844 δὲ

2111 4885 2365 4953 πόλεμον,
2411 4885 2500 4934 τὸν
2539 4882 2732 4953 μικροῦ
2779 4882 2869 4934 τοῦ
2922 4882 3256 4953 βαρϐαρικοῦ
3287 4883 3698 4956 χαλεπώτερον,

2108 4976 2200 5028 τὸν
2254 4978 2317 5027 ἐκ
2373 4975 2473 5044 τῆς
2535 4973 2930 5044 στρατιωτικῆς
2992 4974 3221 5038 ἀταξίας
3278 4977 3372 5027 καὶ
3427 4976 3535 5044 τῆς·
3596 4977 3702 5028 τῶν

2108 5063 2416 5132 ταξιάρχων
2466 5061 2796 5131 πλεονεξίας,
2845 5061 2942 5131 οὐχ
2983 5055 3140 5124 οὗτος
3183 5065 3210 5114 ό
3256 5063 3480 5126 παύσας
3519 5067 3695 5126 ἐστῐν;

2123 5156 2235 5222 Ἐφ’
2273 5150 2334 5206 οὗ
2368 5154 2528 5222 μόνου
2579 5169 2640 5220 γε
2668 5152 2776 5203 τῶν
2827 5153 3035 5206 πολλῶν
3088 5155 3418 5222 στρατηγῶν
3485 5157 3697 5224 ἰδιώτης

2107 5245 2454 5315 ἠδικημένος.
2513 5244 2695 5312 μεῖζον
2735 5243 3068 5312 στρατιώτου
3109 5245 3437 5312 φθέγγεται.
3476 5249 3616 5300 Τίνα
3646 5247 3697 5298 δὲ

2108 5335 2285 5398 ἔξεστι
2338 5335 2520 5387 καλεῖν
2569 5334 2938 5404 ἀδωρότατονς
2974 5336 3050 5387 Οὑ
3080 5335 3171 5386 τὸν
3204 5337 3577 5408 ὑπερορῶντα
3617 5341 3697 5390 καὶ

2106 5426 2212 5478 τῶν
2245 5427 2352 5479 ἀπὸ
2383 5426 2475 5478 τοῦ
2504 5427 2669 5496 νόμου
2715 5425 2952 5495 κερδῶν;
2993 5426 3051 5478 Ὀ
3103 5425 3370 5496 θεοσεϐὴς
3403 5431 3466 5482 δὲ
3506 5434 3593 5494 τίς
3640 5432 3698 5482 ἀν

2106 5519 2314 5584 γένοιτο
2368 5515 2598 5585 μᾶλλον,
2644 5516 2677 5586 ἢ
2716 5517 2860 5578 ὅστις
2895 5516 3134 5580 ἅπαντος
3189 5517 3359 5586 ἔργου
3397 5523 3500 5574 καὶ
3549 5523 3697 5586 λόγον

2107 5605 2290 5659 θεόθεν
2335 5607 2594 5677 ἄρχεται;
2642 5607 2758 5660 ἀνθ’
2805 5601 2878 5658 ῶν
2937 5607 3193 5660 ἁπάντων
3236 5609 3422 5672 ἔξεστι
3471 5612 3538 5681 δὴ
3575 5616 3699 5664 πᾶσι

2107 5697 2338 5755 κάνθάδε
2385 5697 2780 5769 προσεύξασθαι
2831 5696 3007 5767 γῆρας
3041 5698 3191 5768 αὑτῴ
3230 5699 3373 5768 βαθὺ
3405 5705 3510 5759 καὶ
3544 5704 3701 5757 λιπα-

3801 1597 3803 1606 Α

3802 1683 3803 1702 l

3802 1749 3803 1762 l

3802 1821 3803 1840 l

3802 1857 3803 1872 l

3802 1881 3803 1890 ι

3801 1929 3803 1940 ι
