3838 6236
172 295 309 352 157⁸1
1272 300 1362 355 DE
1398 301 1582 357 θοΝο
1613 302 1779 359 ΑΞἸἪ

1856 304 2032 361 LABII
2071 307 2327 367 SERMO.
3284 316 3423 371 1578

171 408 267 481 ρδν
315 408 681 480 παραμένειν,
730 410 841 472 τοῖς
880 410 1147 481 ἐνιαυτοῖς
1194 418 1604 490 συμπροῖούσης
1648 422 1779 491 τῆς,

1856 423 2059 478 caeteris
2092 425 2309 493 qualem
2339 440 2400 481 se
2432 427 2701 497 prtebuit?
2748 428 2954 486 Bellum
2989 431 3143 503 pacis
3181 439 3426 502 tempore

168 500 391 570 ἀρετῆς.
1854 526 2127 579 exortum.
2157 525 2212 573 et
2239 519 2343 573 hoc
2374 520 2666 577 barbarico
2698 524 2859 593 paulo
2908 500 3192 581 molestius
3229 500 3428 584 eximi-

172 600 330 653 litutn
380 600 657 655 incondita
698 603 1149 668 tumultuatione,
1192 604 1444 670 deliciis,
1514 616 1680 676 atque
1738 612 1968 666 avaritia
2012 614 2413 689 insolentiaque
2468 621 2669 675 ducum
2721 623 3044 687 excitatum,
3106 640 3290 682 nonne
3335 628 3425 685 hic

170 698 257 744 est
301 692 395 759 qui
432 695 772 762 compescuit
818 702 871 748 et
908 695 1222 765 oppressit?
1275 695 1391 751 Sub
1437 714 1548 767 quo
1588 702 1706 754 solo
1738 717 1769 755 e
1811 704 1998 759 multis
2043 706 2299 775 ducibus,
2354 711 2600 780 privatus
2648 712 2849 781 injuria
2894 714 3123 769 affectus
3197 715 3425 769 liberius

167 792 227 875 et
279 785 443 839 altius
500 786 725 847 clamat,
776 804 941 857 quam
981 790 1183 843 miles?
1230 790 1402 855 Quem
1459 808 1622 860 porro
1691 796 1817 849 licet
1856 798 2095 853 alienum
2134 815 2164 853 a
2200 803 2525 858 muneribus
2550 805 2911 875 accipiendis.
2954 816 3007 861 et
3038 806 3426 861 abhorrentem

170 874 337 935 dona,
363 877 594 930 vocare?
616 876 808 932 Nonne
841 894 964 932 euut
996 880 1087 945 qui
1117 881 1352 950 despicit
1395 885 1559 936 etiam
1607 884 1755 938 lucra
1794 903 1916 956 qua:
1942 891 2058 959 lege
2092 893 2428 949 ohveniunt?
2453 874 2785 966 Religiosior
2817 912 2943 952 vero
3007 898 3262 968 quisnam
3332 912 3428 965 po-

170 969 282 1023 tius
307 968 448 1024 furet
482 988 645 1041 quam
704 974 750 1028 is
781 975 873 1043 qui
912 976 1096 1029 omnia
1139 975 1279 1030 farta
1309 984 1363 1030 et
1396 978 1542 1031 dicta
1580 993 1607 1031 a
1661 979 1771 1035 Deo
1806 984 2069 1040 orditur?
2131 986 2236 1043 Pro
2287 989 2372 1045 his
2419 1001 2567 1046 certe
2619 992 2877 1047 omnibus
2923 992 3005 1047 fas
3069 999 3153 1047 est
3198 997 3427 1045 cunctos

167 1060 472 1117 etiamnum
496 1062 663 1118 Deum
685 1067 918 1134 pret-ari,
943 1076 1001 1121 ut
1030 1081 1289 1125 senectus
1322 1071 1498 1139 ipsum
1530 1082 1788 1141 provecta
1826 1086 1879 1129 et
1925 1080 2117 1137 viridis
2151 1090 2387 1149 maneat,
2422 1084 2546 1153 ejus
2575 1086 2775 1139 virtute
2843 1085 3007 1139 simul
3071 1099 3197 1138 cum
3266 1082 3427 1136 annis

171 1168 523 1224 progressum
547 1155 799 1212 faciente.

189 1361 3389 1421 Μ

738 1537 1471 1657 ΣΥΝΕΣΙΟΥ
1561 1542 1863 1659 ΤΟΥ
1982 1546 2865 1664 ΚΥΡΗΝΑΙΟΥ

1539 1757 1720 1810 ΠΡΟΣ
1749 1757 2083 1813 ΠΑΙΟΝΙΟΝ

1060 1914 1256 1969 ΥΠΕΡ
1292 1915 1420 1969 ΤΟΥ
1445 1915 1688 1969 ΔΩΡΟΥ
1720 1917 2527 1973 ΑΣΤΡΟΛΑΒΙΟΥΛΟΓΟΣ.

1101 2241 1674 2359 SYNESII
1815 2244 2501 2359 CYRENXEI

1592 2479 1675 2522 AD
1716 2477 2009 2523 PEONIUM

1158 2623 1418 2685 SERMO
1460 2624 1558 2684 DE
1598 2624 1802 2685 ΒοΝο
1845 2624 2304 2685 ASTROLABII
2331 2623 2437 2705 (ι).

273 2938 498 2995 Ακούων
534 2956 626 2993 σου
653 2940 841 3013 πρώην
869 2940 1011 3011 ὑπὲρ
1038 2938 1353 3008 φιλοσοφίας
1386 2939 1755 3007 ἀγανακτοῦν-

1929 2940 2092 3012 307
2125 2939 2261 2995 Cum
2287 2956 2395 2995 non
2425 2940 2500 2994 ita
2527 2939 2735 3011 pridem
2770 2947 2825 2994 te
2864 2939 3227 3012 phil050phia:
3258 2940 3432 2996 vicem

168 3050 285 3096 τος,
319 3034 367 3085 εί
402 3032 567 3104 μηδὲν
600 3032 752 3085 ἔσται
805 3030 978 3099 πέρας
1010 3029 1315 3100 ἀνθρώποις
1348 3032 1448 3098 τῆς
1474 3033 1554 3094 εἰς
1582 3032 1748 3100 αὐτὴν

170 3125 449 3191 ἀσεϐείας,
484 3125 577 3178 καὶ
603 3124 720 3195 ἅμα
766 3125 849 3177 ὅτι
881 3122 1092 3194 χαλεπῇ
1121 3122 1298 3193 χρῷτο
1331 3121 1469 3193 τύχῃ
1508 3122 1600 3175 καὶ
1632 3122 1750 3175 λίαν

169 3216 484 3286 ἀγνώμονι,
529 3216 595 3286 ἥν
642 3217 690 3268 ot
739 3215 834 3286 μὲν
884 3213 1368 3284 προσποιούμενοι,
1417 3212 1503 3265 διὰ
1554 3214 1752 3284 συχνῆς

166 3307 457 3379 τερατείας
510 3306 880 3375 εὐδοκιμοῦσιν
925 3305 1078 3376 παρά
1127 3321 1184 3357 τε
1218 3304 1503 3367 δυνάσταις
1552 3306 1646 3357 καὶ
1693 3306 1751 3357 ἐν

171 3399 286 3461 τοῖς
314 3396 604 3467 πλήθεσιν·
636 3399 682 3449 οἱ
707 3396 764 3449 δὲ
794 3396 1148 3467 ἀληθεύοντες
1171 3394 1544 3457 ἀπιστοῦνται,
1575 3396 1668 3448 καὶ
1696 3396 1752 3447 ὲν

173 3489 359 3560 Καρὸς
386 3489 549 3560 μοίρᾳ
578 3488 866 3557 τιμῶνται,
896 3488 993 3557 τῆς
1028 3488 1123 3557 μὲν
1151 3487 1324 3558 ὁρμῆς
1351 3488 1573 3556 ὴγὰμην
1598 3502 1609 3514 ³
1643 3486 1751 3538 άπὸ

175 3582 288 3651 γὰρ
330 3583 469 3635 πάνυ
503 3581 754 3650 γενναίας
780 3581 1022 3650 προῆκτο
1057 3579 1290 3649 φύσεως·
1324 3579 1382 3631 ού
1416 3579 1520 3649 μὴν
1546 3580 1749 3646 ἀγανα-

174 3675 322 3727 κτεῖν
350 3690 469 3725 τινα
497 3672 677 3743 οἴομαι
703 3672 829 3736 δεῖν,
860 3673 986 3725 ὅταν
1009 3672 1067 3723 τὸ
1100 3669 1239 3724 κατὰ
1269 3670 1423 3733 λόγον
1458 3669 1747 3739 συμϐαίνῃ.

175 3764 411 3833 Εθλογον
462 3764 518 3817 δὲ
570 3766 742 3834 δήπου
791 3763 1083 3833 τυγχάνειν
1138 3763 1388 3825 ἕκαστον,
1442 3753 1515 3812 ὧν
1568 3762 1753 3829 τυχεῖν

174 3856 533 3917 ἐσπούδακεν,
578 3857 670 3908 καὶ
713 3855 840 3929 περὶ
868 3854 903 3907 ἃ
938 3852 1455 3924 πεπραγμάτευται“
1499 3851 1594 3905 καὶ
1619 3852 1752 3904 ἀπο-

175 3947 464 4017 τυγχάνειν
508 3943 574 4000 αὗ
609 3946 770 3999 πάλιν
805 3946 1047 4008 ἐκείνων,
1083 3939 1157 3997 ὦν
1187 3944 1309 3997 οὕτε
1357 3944 1573 4015 ὠρέχθη
1601 3942 1749 4008 ποτὲ,

174 4036 305 4092 οὕτε
347 4036 660 4107 ἐπεμελήθη
689 4038 836 4099 ὅπως
864 4034 930 4088 ἂν
959 4035 1106 4106 αὐτῷ
1138 4034 1516 4108 παραγένοιτο.
1549 4033 1609 4085 Et
1640 4032 1751 4084 τοί-

178 4149 270 4187 νυν
297 4134 326 4186 δ
357 4134 454 4204 μὲν
482 4134 793 4205 ἐφρόντισεν
823 4132 915 4186 τοῦ
946 4130 1197 4201 γενέσθαι
1238 4132 1418 4201 σοφὸς,
1449 4134 1477 4183 ὁ
1506 4131 1563 4185 δὲ
1594 4132 1751 4201 μόνον

176 4224 272 4278 τοῦ
300 4224 465 4289 δόξαι,
496 4225 753 4296 ἑκάτερος
781 4224 843 4276 τὸ
868 4223 1143 4294 προσῆκον
1168 4222 1397 4293 ἔχουσιν,
1423 4223 1451 4274 ὁ
1472 4224 1570 4291 μὲν
1600 4222 1695 4285 ὢν,
1723 4224 1753 4275 ὁ

173 4317 235 4370 δὲ
264 4314 401 4370 εἶναι
428 4316 617 4369 δοκῶν.
658 4316 724 4368 "ll
756 4315 903 4369 δεινά
933 4317 983 4383 γ’
1010 4313 1076 4367 ἂν
1106 4313 1329 4367 πάθοιεν
1360 4314 1453 4367 καὶ
1483 4313 1750 4367 δικαιότε-

178 4424 274 4478 ρον
314 4406 691 4476 ἀγανακτοῖεν,
733 4406 781 4457 ot
814 4404 906 4457 διὰ
932 4404 1030 4474 τῆς
1060 4404 1159 4456 οὐκ
1188 4401 1376 4473 οὔσης,
1401 4401 1535 4454 ἀλλὰ
1564 4418 1752 4471 φαινο-

180 4496 352 4566 μένης
401 4495 748 4563 φιλοσοφίας,
805 4493 959 4559 δόξαν
1008 4490 1349 4563 θηρώμενοι,
1406 4491 1453 4542 εἰ
1490 4492 1601 4553 τοῖς
1657 4490 1755 4560 μὲν

178 4587 439 4657 ἑκάτερον
461 4584 692 4654 ὑπάρξει
724 4583 953 4653 θατέρου
979 4582 1346 4654 φροντίσασιν,
1373 4580 1520 4649 σφίσι
1542 4580 1599 4633 δὲ
1620 4581 1754 4651 μηδ-

180 4677 385 4747 έτερον.
427 4673 615 4728 Καίτοι
667 4676 727 4726 τὸ
768 4676 964 4745 ῥᾷστον
1011 4674 1071 4726 ού
1129 4672 1195 4725 δι’
1238 4671 1518 4734 ἐλάττονος
1561 4673 1756 4740 ἐπιμε-

181 4763 332 4824 λείας
378 4761 887 4832 ὲπιτετηδεύκασιν,
939 4760 1219 4829 ἀπατῆσαι
1248 4761 1373 4822 τοὺς
1402 4759 1502 4812 οὐκ
1546 4760 1757 4822 εἰδότας

184 4854 315 4923 περὶ
345 4846 419 4905 ὧν
446 4852 780 4905 ἀπατῶνται.
822 4845 980 4903 Οὗτοι
1014 4851 1109 4921 μὲν
1150 4846 1242 4903 οὖν
1272 4850 1442 4903 ἔστων
1485 4850 1753 4920 λαμπροὶ,

184 4947 281 4999 καὶ
314 4948 423 5006 τοῖς
454 4945 702 5015 θεάτροις
742 4942 1174 5011 στεφανούσθων,
1222 4944 1270 4994 εί
1315 4941 1611 5012 βούλονται.
1647 4942 1757 5012 Τῆς

184 5035 294 5106 γὰρ
347 5036 605 5106 ἀληθείας
662 5036 1198 5105 παραχωρήσαντες,
1251 5034 1512 5103 ὀνόματος
1578 5034 1755 5102 ἡμφι-

187 5130 483 5200 σόητησαν.
532 5130 690 5197 Ἡμῖν
730 5128 785 5179 δὲ
834 5126 1313 5196 ὀλιγωρουμένοις·
1366 5124 1550 5195 ἐπειδὴ
1590 5124 1653 5177 σύ
1692 5142 1757 5195 με

185 5220 366 5291 βούλει
398 5222 508 5282 τοῖς
554 5222 616 5271 ὲκ
645 5218 739 5271 τοῦ
785 5218 1011 5270 σπανίου
1045 5217 1236 5285 γένους
1262 5216 1633 5286 συναριθμεῖν,
1666 5217 1760 5269 καὶ

182 5312 286 5382 οὐχ
330 5310 529 5378 ἥκιστα
567 5310 634 5363 δι’
681 5309 779 5379 ἐμὲ
810 5309 909 5380 τὴν
931 5307 1249 5376 φιλοσοφίας
1274 5306 1443 5377 τύχην
1468 5306 1758 5377 ἐδυσχέρα-

190 5424 316 5469 νας·
367 5406 497 5475 ἡμῖν
546 5398 635 5455 οὖν
684 5400 1075 5470 ἀμελουμένοις
1128 5399 1233 5451 ὑπὸ
1292 5398 1399 5451 τῶν
1457 5397 1760 5468 ἀνθρώπων

188 5495 500 5568 ἀγαπητέον
532 5493 628 5564 τὴν
657 5492 832 5558 τάξιν,
858 5493 935 5555 είς
962 5491 1026 5561 ἠν
1050 5490 1139 5560 ὑφ’
1167 5489 1373 5543 ἑαυτῶν
1413 5488 1719 5561 ἐτάχθημεν
1744 5506 1757 5522 ·

258 5703 339 5775 (l)
376 5703 680 5769 lnterprete
708 5696 838 5751 Fetl.
878 5695 1124 5751 Morello.

394 5797 667 5853 pA'l‘ROL.
708 5793 824 5853 Gn.
878 5792 980 5851 LX
996 5791 1095 5851 VI.

1854 3032 2095 3101 graviter
2133 3031 2297 3096 ferre,
2343 3041 2396 3087 et
2445 3033 2706 3102 conqueri
2756 3034 3024 3101 audirem,
3070 3035 3213 3104 quod
3266 3034 3428 3089 ﬁnem

1852 3124 2063 3176 nullum
2097 3131 2192 3176 aut
2215 3123 2436 3178 modum
2467 3122 2715 3178 facerent
2743 3124 2993 3180 homines
3023 3126 3189 3194 impie
3212 3141 3272 3180 se
3297 3142 3430 3196 erga

1852 3228 1971 3268 eam
2002 3215 2226 3284 gerendi
2260 3234 2273 3269 :
2306 3222 2423 3268 tum
2453 3215 2597 3284 quod
2632 3223 2740 3267 tam
2792 3215 2938 3269 tristi
2971 3222 3025 3269 et
3060 3215 3271 3269 difﬁcili
3313 3217 3429 3271 for-

1854 3314 1987 3359 tuna
2014 3314 2281 3372 uteretur,
2315 3314 2535 3377 tamque
2585 3305 2774 3376 iniqua
2807 3316 2971 3377 atque
3005 3306 3217 3377 ingrata
3254 3325 3267 3361 :
3301 3322 3428 3361 cum

1849 3398 1947 3466 qui
1999 3398 2138 3453 hanc
2171 3399 2481 3453 simulatam
2526 3397 2806 3462 affectant,
2836 3399 2906 3453 ob
2938 3398 3166 3454 crebras
3212 3400 3429 3469 praesti-

1853 3489 1992 3558 gias,
2045 3488 2390 3544 celebrentur
2440 3490 2733 3561 magnique
2784 3489 2936 3552 ﬁant,
2977 3499 3083 3543 tam
3130 3491 3276 3561 apud
3312 3504 3433 3560 pro-

1853 3592 2007 3634 ceres
2066 3593 2131 3632 ac
2198 3588 2484 3647 potentes,
2548 3595 2713 3651 quam
2778 3581 2833 3634 in
2902 3580 3139 3651 populo;
3203 3580 3300 3635 sed
3360 3579 3431 3635 iis

1853 3669 1947 3740 qui
2001 3685 2126 3726 vere
2176 3686 2294 3725 eam
2345 3670 2723 3740 proﬁteantur,
2760 3671 2893 3726 ﬁdes
2948 3687 3057 3724 non
3087 3671 3431 3740 adhibeatur,

1855 3777 1956 3817 nec
2016 3762 2188 3831 pluris
2252 3778 2416 3832 quam
2468 3762 2637 3818 Cares
2682 3764 3018 3817 aestimentur
3067 3780 3080 3816 :
3132 3762 3435 3817 admiratus

1854 3870 1976 3909 sum
1998 3853 2125 3925 jure
2155 3855 2317 3908 istum
2351 3854 2517 3908 animi
2550 3855 2631 3908 tui
2680 3854 2975 3924 impetum;
3003 3854 3050 3907 is
3072 3855 3217 3909 enim
3250 3860 3432 3909 motus

1855 3960 1883 3998 a
1925 3960 2191 4016 generosa
2238 3946 2397 4015 plane
2441 3955 2636 4000 natura
2694 3944 2813 3999 fuit.
2870 3941 3252 4003 Verumtamen
3305 3960 3432 4000 suc-

1855 4050 2081 4090 censere
2113 4035 2447 4105 qnemquam
2481 4043 2737 4106 oportere
2763 4051 2870 4090 non
2896 4035 3175 4098 existimo,
3201 4035 3247 4089 si
3271 4034 3428 4104 quid,

1856 4134 1916 4178 ut
1945 4127 2085 4179 ratio
2121 4127 2246 4189 l‘ert,
2280 4123 2518 4178 eveniat.
2545 4122 2664 4179 Jam
2696 4140 2826 4178 vero
2880 4126 3082 4179 rationi
3136 4136 3433 4180 consenta-

1856 4232 2021 4271 neum
2056 4223 2138 4271 est
2175 4231 2622 4285 unumquemque
2664 4230 2728 4270 ea
2764 4216 3025 4286 consequi
3075 4232 3198 4286 qua:
3228 4225 3287 4270 ut
3330 4218 3431 4272 ob-

1857 4310 2057 4363 tineret
2113 4308 2435 4373 elaboravit,
2473 4316 2526 4361 et
2569 4308 2624 4361 in
2684 4308 2887 4376 quibus
2937 4318 3238 4379 occupatus
3274 4309 3427 4365 fuit:

1857 4409 1912 4456 et
1939 4409 2129 4455 contra
2158 4414 2266 4454 non
2293 4399 2511 4469 assequi
2552 4414 2614 4453 ea
2639 4415 2760 4469 quae
2808 4415 2984 4469 neque
3037 4400 3299 4470 appetivit
3326 4415 3431 4454 un-

1856 4506 2042 4561 quam,
2076 4506 2275 4560 neque,
2310 4497 2370 4543 ut
2400 4489 2506 4543 sibi
2542 4490 2819 4553 adessent,
2843 4502 2992 4542 cura:
3023 4488 3233 4542 habuit.
3279 4487 3434 4553 Quo-

1858 4585 2005 4639 niam
2040 4598 2170 4653 ergo
2216 4582 2358 4636 alius
2410 4582 2513 4635 hoc
2567 4579 2777 4636 studuit
2836 4580 3055 4651 egitque
3094 4588 3152 4633 ut
3211 4581 3434 4649 sapiens

1857 4683 2028 4740 esset,
2059 4675 2200 4729 alius
2232 4684 2409 4727 autem
2449 4681 2506 4725 ut
2539 4672 2585 4727 is
2620 4671 2895 4725 videretur
2927 4678 3174 4737 tantum;
3205 4679 3435 4740 uterque

1857 4776 2009 4822 certe
2040 4766 2091 4820 id
2126 4764 2291 4819 habet
2321 4763 2464 4834 quod
2505 4764 2554 4817 ei
2587 4763 2886 4831 competit;
2923 4776 3046 4814 cum
3081 4761 3170 4815 hic
3212 4762 3431 4832 quidem

1858 4874 1919 4913 re
1952 4873 2077 4915 vera
2109 4866 2211 4923 est,
2242 4858 2330 4911 ille
2368 4856 2580 4910 videtur
2611 4871 2750 4911 esse.
2785 4853 2987 4920 Quidni
3032 4872 3163 4909 vero
3197 4856 3273 4909 illi
3310 4871 3435 4926 gra-

1859 4953 1981 5006 vius
2010 4951 2401 5021 alnigerentur,
2434 4948 2708 5018 etjustius
2765 4947 3204 5017 indignarentur,
3243 4948 3336 5017 qui
3366 4964 3431 5002 ex

1861 5057 1924 5096 ea
1954 5056 2076 5111 qua:
2104 5056 2295 5109 reapse
2327 5055 2435 5093 non
2460 5046 2545 5093 est
2574 5038 2943 5108 pbiIoSOphia,
2978 5038 3072 5092 sed
3104 5038 3224 5107 ejus
3253 5039 3429 5091 solum

1861 5132 2098 5200 speciem
2136 5146 2247 5200 pra:
2295 5145 2354 5184 se
2414 5128 2552 5190 fert.
2597 5128 2827 5198 gloriam
2888 5136 3254 5197 aucupantur,
3285 5130 3329 5182 si
3366 5129 3432 5182 iis

1859 5219 2081 5290 quidem
2115 5231 2405 5287 utrumque
2461 5222 2737 5286 suppetat,
2764 5213 2857 5284 qui
2892 5213 2960 5268 de
3006 5213 3179 5267 altero
3218 5220 3432 5267 tantum

1861 5311 2082 5367 solliciti
2119 5310 2343 5363 fuerunt
2385 5326 2398 5361 :
2431 5305 2565 5376 ipsis
2599 5313 2782 5360 autem
2816 5311 3069 5359 neutrum
3099 5302 3433 5358 succurrat?

1862 5413 2046 5459 tamen
2069 5402 2172 5457 etsi
2202 5402 2250 5457 ei
2283 5399 2428 5472 quod
2463 5398 2785 5453 facillimum
2814 5404 2898 5451 est
2928 5411 3036 5450 non
3068 5395 3279 5448 minore
3301 5402 3432 5446 cura

1865 5491 2197 5556 studuerint,
2233 5500 2394 5562 atque
2424 5486 2795 5552 incubuerint,
2832 5500 3027 5556 nempe
3066 5491 3126 5536 ut
3158 5482 3434 5552 decipiant

3041 5772 3112 5833 50
