3838 6236
501 297 643 352 15⁸⁷9

1557 290 1822 348 SYNESII
1879 290 2341 350 PTOLEMAlDIS
2390 281 2703 349 EPISCOPI

3643 294 3739 349 ίῦω

497 425 598 464 eos
649 408 744 478 qui
781 422 845 464 ea
878 421 989 462 non
1019 416 1222 461 norunt
1256 405 1311 460 in
1359 405 1560 476 quibus
1607 408 1975 478 accipiuntur.
2017 408 2058 462 ll

2186 409 2278 462 καὶ
2309 409 2370 462 οὐ
2410 408 2699 481 ζηλωτέον,
2727 409 2848 463 ούδέ
2877 410 3240 482 μακαριστέον
3263 411 3397 475 τοὺς
3450 409 3738 481 ﬁuit-4:66-

498 502 666 571 igitur
693 498 964 568 splendidi
988 509 1043 553 et
1090 499 1336 553 illustres
1375 511 1508 552 sane
1536 509 1721 562 sunto,
1759 507 1813 552 et
1844 500 1896 553 in
1922 500 2077 553 thea-

497 593 600 648 tris
655 598 1026 655 coronentur,
1058 589 1104 644 si
1151 588 1340 643 lubet:
1382 601 1412 640 a
1461 587 1692 642 veritate
1745 589 1889 642 enim
1945 605 2073 644 cum

495 685 839 746 deﬂexerint,
876 682 946 737 de
990 682 1211 736 nomine
1267 679 1703 735 controversiam
1763 691 2072 738 moverunt.

2175 517 2300 563 τους
2330 500 2570 564 τούτους,
2605 502 2733 554 ὅταν
2785 501 2889 555 ὑπὸ
2929 502 3042 555 τῶν
3093 502 3375 566 παντελῶς
3433 501 3736 555 ἀπαιδεύτων

2179 593 2446 664 μετέωροι
2485 595 2758 665 φέρονται.
2809 593 2946 648 Οὔτε
2982 595 3090 665 γάρ
3131 595 3265 667 όρᾷν
3292 594 3495 666 ψυχῆς
3538 595 3740 646 susu-

2176 683 2454 754 θαρμένης
2481 684 2673 748 κάλλος
2714 687 2762 737 οἱ
2797 685 2870 755 μὴ
2901 685 3131 756 καθαροὶ
3165 687 3426 739 δυνατοίο
3463 686 3568 738 καὶ
3599 685 3653 737 τὸ
3677 700 3740 750 tr;

494 776 664 829 Nobis
693 789 825 830 vero
864 774 960 844 qui
1011 773 1348 844 despicimur
1372 772 1842 842 (quandoquidem
1884 783 1942 828 tu
1988 791 2058 831 tm

2177 777 2392 848 ρύττειν
2431 779 2639 834 ἐαυτὸν.
2683 779 2778 830 καὶ
2833 778 3012 830 πάντα
3050 781 3222 830 ποιεῖν
3251 777 3404 848 ὑπὲρ
3439 776 3740 842 ἐπιδείξεως.

492 873 576 923 vis
608 871 675 924 iis
719 869 812 938 qui
857 885 887 922 e
929 867 1139 921 rariore
1174 880 1372 936 genere
1421 872 1552 918 sunt
1603 877 2058 932 annumerare,el

2175 870 2239 921 οὑ
2282 870 2495 937 σοφίας,
2539 869 2678 922 ἀλλὰ
2727 859 3044 938 ’σοφιστείας
3096 870 3260 925 ἐστίν.
3317 871 3423 922 Διὸ
3479 869 3586 936 τῆς
3631 867 3740 935 παρὰ

491 963 657 1034 308
679 971 900 1032 propter
927 976 1011 1015 me
1043 959 1385 1028 potissimum
1436 956 1503 1010 de
1529 964 1678 1010 sorte
1713 957 2058 1028 philosophia

2179 962 2388 1015 πολλῶν
2411 963 2768 1032 άμοιροῦντας
2794 963 2974 1027 αἰδοῦς
3004 963 3180 1026 καλῶς
3207 963 3318 1034 ἔχει
3349 964 3574 1032 λέγειν’

493 1071 832 1110 succensens
872 1061 1215 1124 conquestus
1252 1053 1358 1118 es),
1396 1049 1560 1104 nobis
1602 1051 1770 1121 igitur
1796 1091 1813 1119 ,
1845 1052 1941 1121 qui
1984 1053 2054 1106 ab
2097 1052 2418 1110 hominibus
2467 1059 2896 1122 contemnimur,
2929 1057 3320 1126 amplexandus
3368 1057 3545 1110 locus
3581 1064 3676 1118 est,
3707 1071 3739 1105 Ill

503 1166 665 1221 quem
701 1149 918 1218 ipsimet
976 1163 1078 1202 nos
1111 1148 1505 1202 constituimus
1541 1166 1553 1201 :
1586 1163 1764 1218 neque
1806 1148 2076 1212 annulari,
2113 1165 2214 1204 nec
2247 1153 2438 1206 beatos
2473 1159 2666 1220 putare
2700 1151 2822 1206 illos
2852 1152 3184 1206 semidoctus
3248 1151 3559 1204 debemus.
3629 1149 3740 1218 quod

490 1264 518 1302 a
550 1250 709 1318 plane
737 1246 975 1299 inductis
1010 1246 1064 1299 in
1114 1247 1286 1298 altum
1352 1245 1675 1300 evebantur.
1753 1243 1889 1298 Nam
1956 1247 2273 1318 perpurgati
2329 1247 2498 1301 animi
2559 1247 2729 1302 decus
2775 1255 2831 1301 et
2880 1245 3336 1316 pulchritudinem
3414 1248 3625 1300 intueri
3670 1263 3742 1297 ne-

487 1350 693 1412 queunt
731 1340 824 1409 qui
857 1339 978 1408 puri
1023 1353 1131 1392 non
1167 1345 1298 1393 sutit
1330 1356 1342 1391 :
1377 1346 1434 1393 et
1456 1353 1764 1408 praeconem
1795 1337 1884 1392 sui
1925 1352 2067 1404 esse,
2109 1349 2276 1410 atque
2303 1339 2370 1394 ad
2405 1340 2828 1396 ostentationem
2897 1347 2950 1393 et
2997 1353 3247 1409 pompam
3297 1339 3500 1392 omnia
3567 1337 3740 1398 facere,

487 1450 598 1488 non
636 1432 922 1501 sapientia:
965 1442 1071 1495 est,
1122 1430 1218 1486 sed
1271 1431 1589 1501 sophisticae
1632 1432 1910 1486 versutia.
1972 1430 2247 1496 Quocirca
2317 1449 2414 1488 eos
2468 1435 2561 1503 qui
2619 1448 2651 1486 a
2719 1434 2881 1504 vulgo
2953 1431 3214 1487 honorem
3275 1432 3744 1497 reverentiamque

487 1547 596 1586 non
631 1529 901 1589 obtinent,
935 1529 1257 1598 praeclarum
1294 1538 1616 1599 rectumque
1669 1528 1834 1582 fuerit
1867 1527 2073 1592 dicere,

704 1711 714 1721 .
739 1705 751 1718 .
777 1705 790 1722 .
815 1709 826 1718 .
853 1666 957 1718 .nil
989 1680 1167 1717 moror
1195 1664 1330 1717 hunc
1363 1679 1455 1734 ego
1492 1662 1740 1734 honorent
1766 1676 1790 1734 Δε

583 1737 851 1807 luppiter,
886 1745 940 1788 ut
973 1751 1146 1804 spero,
1183 1735 1379 1804 ingenti
1394 1731 1489 1787 'me
1522 1732 1731 1786 ornabit
1755 1731 1951 1785 honore
1974 1745 1992 1782 :

485 1869 747 1939 pnrclare
800 1865 963 1919 etiam
1016 1878 1203 1918 secum
1240 1862 1324 1932 agi
1355 1861 1692 1925 existiment,
1741 1870 1796 1916 et
1837 1861 1893 1915 in
1941 1860 2067 1914 sinu

483 1960 782 2030 gaudeant,
814 1960 860 2012 si
897 1971 1020 2010 eum
1054 1956 1198 2008 nacti
1239 1954 1444 2008 fuerint
1478 1954 1656 2008 virum
1695 1954 1789 2024 qui
1828 1953 2068 2025 pruden-

485 2055 612 2106 tiam
683 2051 847 2106 simul
897 2059 952 2102 et
1015 2049 1311 2116 potentiam
1379 2046 1704 2117 possederit.
1764 2041 1880 2100 Sic'
1922 2046 2069 2100 enim

483 2160 660 2214 neque
701 2159 827 2197 cum
871 2140 1111 2210 indignis
1153 2139 1526 2204 versabimur,
1589 2153 1767 2208 neque
1800 2135 2068 2208 ignobiles

481 2248 648 2307 atque
676 2234 895 2305 inglorii
936 2233 1165 2286 orttniuo
1191 2231 1562 2285 censebimur.

551 2327 664 2382 Cur
696 2339 827 2395 ergo
860 2330 1157 2378 cunctarer
1191 2321 1437 2376 tribuere
1477 2320 1729 2374 intimum
1764 2319 1818 2372 in
1881 2319 2067 2372 animo

479 2421 659 2476 locum
711 2416 1020 2472 admirabili
1050 2413 1270 2469 Paconio
1322 2422 1544 2477 nostro,
1593 2412 1685 2482 qui
1742 2411 1904 2481 longo
1952 2409 2065 2478 jam

479 2521 724 2581 tempore
755 2509 1185 2578 sepimentorum
1236 2519 1558 2576 magnorum
1589 2503 1892 2558 intervallis
1921 2501 2065 2555 inter

477 2619 539 2659 se
622 2603 918 2658 distinctas
979 2599 1383 2670 philosophiam
1457 2605 1513 2651 et
1576 2610 1690 2651 rem
1770 2595 2063 2648 militarem

477 2712 646 2751 unum
677 2696 730 2749 in
771 2696 946 2749 locum
979 2691 1256 2746 adducere
1277 2699 1332 2745 et
1368 2689 1511 2743 inter
1536 2702 1595 2742 se
1620 2687 1878 2756 c0pulare
1901 2701 2064 2739 orsus

474 2796 579 2848 est,
609 2802 731 2839 cum
765 2785 1043 2854 antiquam
1085 2781 1279 2836 horum
1317 2779 1626 2835 studiorqu
1674 2775 2061 2845 cognationem

475 2896 600 2936 csse
633 2885 792 2931 acute
821 2872 1214 2930 observasset?
1245 2872 1314 2924 At
1343 2870 1488 2924 enim
1523 2883 1648 2924 eum
1707 2865 1858 2918 Italia
1883 2880 2063 2935 quon-

475 2975 601 3026 dam
653 2969 876 3025 eosdem
913 2967 1138 3022 haberet
1192 2971 1247 3020 et
1286 2962 1612 3034 Pythagora:
1666 2959 1968 3023 auditores,
2006 2967 2060 3010 et

2696 1703 2708 1716 .
2735 1702 2748 1716 .
2774 1705 2783 1714 .
2809 1702 2824 1716 .
2848 1662 3008 1716 .ofrn
3033 1679 3109 1730 με
3140 1663 3360 1729 ταύτης

2099 1699 2144 1756 Β
2170 1732 2334 1802 Χρεὼ
2357 1733 2532 1804 τιμῆς
2551 1749 2565 1764 ·
2593 1702 2824 1802 φρόιίέιύ
2843 1699 3450 1801 ιτϊτίῗῆξγῒάΐῗιὸς
3476 1737 3625 1805 alca
3642 1752 3653 1764 '

2172 1870 2390 1938 ἀγαπᾷν
2443 1885 2504 1920 τε
2551 1868 2645 1922 καὶ
2694 1865 3084 1937 διασμενίζειν,
3131 1867 3372 1939 ἐντυχεῖν
3425 1849 3590 1940 ἀνδρὶ
3628 1870 3737 1939 φρό-

2171 1977 2327 2030 νησιν
2360 1960 2476 2030 ἅμα
2507 1963 2602 2014 καὶ
2644 1960 2872 2030 δύναμιν
2919 1960 3262 2030 κεκτημένῳ.
3301 1961 3470 2014 Οὕτω
3508 1963 3617 2032 γὰρ
3646 1962 3739 2012 οὒτ’

2171 2053 2408 2116 ἀναξίοις
2434 2053 2500 2106 ἂν
2527 2053 2946 2124 συγγενοίμεθα,
2971 2052 3084 2106 οὔτ’
3109 2052 3175 2106 ἂν
3197 2054 3386 2124 ἄτιμοι
3413 2056 3738 2110 παντάπασιν

2171 2141 2548 2213 νομιζοίμεοα.

2239 2319 2364 2383 Πῶς
2394 2315 2488 2374 οὖν
2528 2320 2587 2373 οὐ
2625 2321 2804 2390 μέλλω
2840 2321 2938 2393 τὴν
2979 2321 3154 2392 μέσην
3189 2323 3246 2374 ἐν
3278 2326 3345 2394 τῇ
3387 2323 3545 2395 ψυχῇ
3578 2324 3735 2394 χώραν

2168 2413 2244 2484 τῷ
2271 2411 2570 2483 Θαυμαστῷ
2609 2413 2843 2484 Παιονίῳ
2887 2415 3092 2484 νέμειν,
3135 2415 3194 2478 ὃς
3244 2416 3310 2468 ἐκ
3351 2417 3557 2470 πολλοῦ
3590 2419 3737 2470 διατε-

2167 2505 2511 2577 τειχισμένας
2533 2506 2776 2576 Θριγκοῖς
2805 2507 3083 2577 μεγάλοις,
3114 2507 3441 2576 φιλοσοφίαν
3475 2511 3571 2562 καὶ
3601 2524 3738 2577 capa-

2167 2599 2338 2659 τείαν,
2387 2597 2609 2668 ἐξεῦρεν
2651 2599 3015 2666 ἐπαναγαγεῖν
3069 2599 3162 2651 καὶ
3201 2599 3470 2668 συνάψαι,
3522 2599 3736 2652 παλαιάν

2165 2707 2286 2741 τινα
2327 2688 2515 2743 ἐνιδὼν
2564 2692 2676 2752 τοῖς
2711 2689 3106 2760 ἐπιτηδεύμασι
3134 2691 3350 2754 τούτοις
3391 2693 3739 2761 συγγένειαν;

2179 2781 2378 2834 Ἰταλία
2412 2781 2512 2850 μὲν
2549 2781 2656 2852 γὰρ
2690 2781 2857 2836 πάλαι
2904 2783 3026 2844 τοὺς
3068 2784 3268 2846 αὐτοὺς
3318 2783 3533 2853 ἔχουσα
3580 2784 3740 2837 [lulia-

2166 2869 2332 2940 γόρου
2358 2885 2417 2921 τε
2440 2870 2731 2936 ἀκουστάς,
2761 2871 2854 2922 καὶ
2877 2869 2982 2922 τῶν
3001 2871 3204 2924 πόλεων
3226 2873 3544 2942 ἁρμοστὰς,
3574 2872 3742 2931 Ἑλλὰς

2165 2963 2199 3032 ἡ
2236 2961 2444 3031 μεγάλη
2481 2962 2952 3033 προσηγορεύετοο
3005 2963 3099 3015 καὶ
3135 2963 3280 3031 μάλα
3315 2965 3377 3014 ἐν
3420 2965 3591 3037 δίκῃ·
3626 2964 3742 3032 παρ’

475 3064 756 3117 civitatum
818 3067 1084 3121 rectores,
1117 3055 1308 3126 Magna
1368 3051 1577 3108 Graecia
1630 3047 2058 3121 cognominaba-

2165 3047 2246 3116 οἷς
2269 3052 2565 3123 Χαρώνδας
2597 3054 2695 3123 μὲν
2737 3053 3063 3123 ἐνομοθέτει,
3091 3054 3186 3106 καὶ
3213 3055 3520 3119 Ζάλευκος,
3563 3059 3745 3124 ἐστρα-

477 3165 564 3207 tur
599 3173 610 3206 :
639 3168 738 3207 nec
770 3149 822 3204 id
873 3150 1115 3218 injuria;
1147 3145 1349 3216 quippe
1384 3157 1509 3196 cum
1545 3139 1687 3210 apud
1742 3154 1836 3194 eas
1871 3148 2059 3207 gentes

421 3281 426 3288 ε
473 3247 796 3302 Cliaroudas
836 3243 1053 3314 quidem
1097 3249 1166 3294 .et
1200 3238 1467 3292 Zaleucus
1513 3238 1658 3306 leges
1704 3234 2004 3288 conderent
2043 3249 2056 3284 :

475 3341 745 3395 bellorum
779 3345 962 3390 autem
996 3335 1165 3386 duces
1200 3339 1384 3386 essent
1413 3329 1668 3397 Archytae
1691 3335 1746 3380 ct
1776 3323 2005 3378 Philolai
2043 3339 2056 3374 :

473 3431 734 3500 princeps
791 3433 972 3478 autem
1022 3422 1112 3475 ille
1168 3427 1606 3472 astronomorum
1649 3412 1886 3466 Timants
1935 3407 2058 3462 urbi

469 3499 864 3592 praeficeretur,
911 3523 966 3568 et
1014 3513 1313 3583 legationes
1355 3509 1567 3572 obiret,
1609 3506 1841 3573 aliisque
1881 3499 2060 3556 civilis

437 3635 442 3642 -
474 3608 975 3666 administrationis
1018 3603 1343 3658 muneribus
1375 3603 1693 3668 fungeretur
1721 3614 1732 3649 :
1760 3609 1870 3664 quo
1891 3593 2056 3648 etiam

464 3711 698 3758 “auctore
724 3701 874 3754 Plato
908 3698 1066 3752 nobis
1095 3698 1164 3750 de
1189 3693 1378 3749 mundi
1416 3701 1610 3748 natura
1631 3686 2057 3758 diSputationein

464 3792 881 3851 iinstituit.Cum
898 3791 1060 3861 igitur
1077 3788 1272 3842 horum
1291 3784 1414 3841 lidei
1445 3799 1592 3853 resp.
1619 3779 1826 3834 credita
1839 3776 2055 3836 fuisset,

465 3887 540 3941 rad
593 3899 790 3940 nonam
847 3896 1020 3952 usque
1059 3896 1089 3934 a
1127 3878 1434 3950 Pythagora
1481 3883 1717 3934 aetatem,
1750 3872 1960 3925 beatam
1994 3881 2058 3920 ac

485 3977 770 4032 ﬂorentem
803 3974 1010 4028 Italiam
1055 3978 1475 4027 eonservarunt.
1522 3967 1588 4021 Et
1629 3973 1778 4021 certe
1817 3962 2058 4017 Eleatica

467 4067 697 4123 Athenis
724 4067 910 4121 schola
943 4065 1159 4118 litteras
1189 4062 1354 4117 simul
1381 4070 1435 4115 et
1454 4073 1627 4121 arma,
1665 4057 1780 4128 pari
1815 4057 2044 4116 honore,

466 4176 620 4216 cura:
651 4160 864 4214 habuit.
897 4158 1028 4210 Nam
1061 4156 1205 4210 haud
1251 4154 1412 4209 facile
1461 4151 1840 4207 numeraveris
1890 4163 2055 4218 quam

468 4255 674 4311 multas
698 4249 1012 4323 tyrannides
1047 4248 1195 4303 Zeno
1226 4246 1518 4309 exciderit,
1550 4255 1602 4299 et
1631 4258 1754 4297 cum
1793 4241 2056 4295 adversus

469 4361 567 4401 eas
599 4345 849 4400 saniores
879 4342 1162 4396 civitatum
1184 4349 1366 4411 partes
1379 4339 1730 4393 concitasset.
1750 4331 2052 4404 Xenophon

2161 3145 2363 3214 τήγουν
2395 3144 2452 3197 δέ
2504 3143 2764 3214 Ἀρχύται
2809 3145 2902 3197 καὶ
2933 3145 3198 3211 Φιλόλαοι,
3249 3147 3278 3198 ὁ
3325 3147 3386 3199 δὲ
3427 3149 3747 3220 ἁστρονομι·

2161 3233 2404 3296 κώτατος
2435 3234 2665 3304 Τίμαιος
2699 3236 3010 3305 ἐπολιάρχει
3033 3234 3145 3305 [γρ.
3174 3237 3562 3312 ἐπολιτάρχει]
3588 3257 3644 3292 τε
3671 3237 3749 3291 καὶ

2160 3323 2481 3396 ἐπρέσϐευε,
2515 3326 2608 3380 καὶ
2632 3322 2799 3379 τᾶλλα
2830 3327 3169 3380 ἐπολιτεύετο
3188 3344 3200 3357 ·
3233 3329 3368 3399 παρ’
3402 3323 3468 3381 οὗ
3500 3332 3602 3384 καὶ
3629 3330 3749 3386 Πλά-

2157 3433 2266 3470 των
2307 3419 2437 3489 ἡμῖν
2496 3419 2623 3489 περὶ
2670 3419 2876 3487 κόσμου
2917 3419 3130 3486 φύσεως
3177 3420 3525 3489 διαλέγεται.
3599 3422 3748 3476 Ταῦτ’

2159 3509 2268 3579 ἄρα
2314 3509 2510 3580 μέχρις
2551 3511 2744 3580 ἐνάτης
2786 3512 2893 3564 ἀπὸ
2926 3511 3237 3581 Πυθαγόρου
3261 3515 3460 3580 γενεᾶς
3504 3515 3579 3567 τά
3611 3513 3748 3566 κοινὰ

2159 3600 2568 3666 πιστευθέντες,
2613 3601 2904 3664 εὐδαίμονα
2947 3603 3047 3674 τὴν
3105 3603 3332 3655 Ἰταλίαν
3387 3605 3745 3676 διετήρησαν·

2159 3693 2254 3746 καὶ
2282 3693 2387 3764 μὴν
2406 3694 2466 3747 τὸ
2502 3694 2836 3749 Ἐλαιατικὸν
2873 3694 3125 3766 Ἀθήνῃσι
3152 3694 3558 3758 διδασκαλεῖον,
3587 3697 3747 3762 λόγων

2157 3799 2216 3836 τε
2247 3785 2364 3855 ἃμα
2411 3786 2502 3838 καὶ
2535 3786 2716 3838 ὃπλων
2764 3787 3039 3856 ὁμοτίμως
3071 3785 3520 3854 ἐπεμελήθησαν.
3577 3789 3746 3857 Ζήνων

2155 3891 2216 3927 τε
2244 3875 2352 3946 γάρ
2377 3877 2485 3930 οὐδ’
2513 3877 2578 3930 ἂν
2610 3877 2940 3948 ἀριθμήσαις
2982 3876 3177 3946 ῥᾳδίως
3218 3877 3348 3935 ὅσας
3388 3875 3633 3945 ἐξέκοψε
3664 3892 3744 3926 τυ-

2161 3968 2427 4037 ραννίδας,
2458 3953 2710 4032 συνιστὰς
2733 3969 2818 4020 ἐπ’
2842 3969 3010 4031 αὑτὰς
3034 3966 3146 4038 [γρ.
3169 3963 3386 4035 αὑταῖς]
3411 3967 3475 4018 τὸ
3511 3967 3744 4034 ὑγιαῖνον

2155 4057 2264 4110 τῶν
2318 4058 2544 4112 πόλεων.
2600 4060 2708 4112 Καὶ
2759 4056 3007 4126 Ξενοφῶν
3051 4057 3429 4128 ἀπειρηκότας
3482 4057 3598 4110 ὑπὸ
3651 4056 3743 4110 τῶν

2158 4146 2457 4220 συμφορῶν
2491 4148 2586 4201 καὶ
2617 4147 2964 4210 θανατῶντας
3003 4146 3102 4217 ἤδη
3132 4147 3258 4208 τοὺς
3286 4146 3526 4216 μυρίους
3577 4164 3741 4217 παρα-

2155 4237 2358 4302 λαϐὼν,
2394 4240 2490 4292 ἀπ’
2521 4240 2694 4310 ἄκρας
2721 4238 2820 4308 τῆς
2855 4237 3080 4310 Περσῶν
3112 4236 3472 4307 ἐπικρατείας
3508 4240 3743 4309 κατήγα-

2155 4347 2218 4398 γε
2241 4330 2506 4394 νικῶντας
2535 4329 2679 4384 ἅπαν
2706 4329 2768 4382 τὸ
2803 4330 3186 4398 ὑφιστάμενον.
3211 4328 3278 4379 Τί
3307 4329 3352 4380 δ’
3374 4328 3443 4381 ἄν
3475 4346 3565 4392 τις
3591 4331 3740 4388 arma

470 4443 655 4490 autem
678 4433 866 4488 decem
913 4431 1143 4490 millium
1192 4429 1517 4492 exercitum,
1554 4427 1648 4496 qui
1697 4424 1802 4480 sub
1831 4422 2056 4478 calami—

2162 4423 2239 4487 τὺ,
2287 4422 2463 4475 Δίωνα
2495 4421 2587 4474 ἐπὶ
2620 4421 2718 4490 τὴν
2745 4419 3016 4474 Διονυσίου
3053 4418 3350 4488 μοναρχίαν
3387 4417 3598 4481 ἐλθεῖν,
3638 4420 3742 4472 δου·

471 4527 678 4582 tatibus
717 4525 1142 4594 desperassent,
1199 4531 1254 4576 et
1300 4518 1547 4590 oppressi
1592 4518 1706 4586 jam
1761 4513 2058 4570 occubuis-

470 4626 618 4681 sent,
670 4618 740 4671 ab
784 4625 1032 4670 extrema
1084 4613 1240 4683 regni
1286 4611 1497 4666 Persici
1528 4624 1626 4664 ora
1674 4615 1932 4676 acceptos
1969 4619 2058 4659 re-

470 4709 650 4770 duxit,
691 4705 976 4761 vincentes
1003 4721 1167 4760 omne
1190 4704 1335 4774 quod
1373 4703 1508 4773 ipsis
1553 4702 1959 4754 adversaretur.
1989 4697 2058 4748 At

469 4798 632 4869 309
666 4799 793 4868 quid
824 4798 936 4866 jam
979 4796 1048 4852 de
1081 4795 1254 4850 Dione
1285 4793 1489 4863 aliquis
1546 4792 1716 4853 dicat,
1745 4788 1890 4859 quod
1922 4785 2057 4840 adiit

469 4889 716 4960 Dionysii
767 4888 1136 4958 principatum
1166 4905 1178 4938 :
1215 4885 1304 4954 qui
1332 4884 1554 4939 Graecas
1595 4880 1815 4951 quidem
1875 4877 1929 4930 in
1960 4875 2050 4928 Si-

470 4983 594 5036 cilia
631 4982 796 5035 urbes
831 4979 1082 5034 servituti
1133 4977 1442 5040 addixerat,
1489 4990 1670 5044 neque
1705 4972 1948 5042 potentia
1998 4977 2051 5023 et

470 5074 798 5126 auctoritate
857 5072 1114 5125 minimas
1160 5084 1190 5123 e
1251 5067 1553 5131 Barbaris;
1605 5075 1716 5117 tum
1766 5062 2049 5131 Carthagi-

469 5166 722 5220 nensiunt
773 5167 976 5218 l'astum
1007 5159 1526 5230 depresserat;jam
1577 5172 1710 5210 vero
1753 5169 1929 5224 usque
1980 5153 2044 5205 ad

469 5273 621 5313 oram
660 5258 992 5309 maritimam
1032 5253 1200 5307 Italiae
1243 5250 1643 5323 grassabatur?
1671 5251 1873 5302 Contra
1905 5251 2045 5302 hanc

469 5345 845 5400 monarclnam
882 5344 1132 5398 collectis
1175 5351 1531 5396 externorum
1567 5340 1762 5408 copiis,
1800 5339 2044 5392 Platonis

468 5437 558 5491 ille
580 5446 809 5497 amator.
863 5443 918 5489 et
951 5450 982 5488 a
1025 5433 1250 5488 Platone
1313 5440 1548 5496 amatus,
1601 5449 1724 5485 cum
1774 5433 1826 5484 in
1877 5446 2040 5484 unam

467 5539 681 5586 navem,
710 5533 763 5578 ct
791 5526 939 5579 illam
968 5523 1186 5593 quidem
1219 5521 1531 5587 rotundam,
1566 5531 1735 5574 totum
1760 5521 2040 5575 sociorum

2158 4511 2480 4582 λωσαμένην
2503 4513 2600 4581 μὲν
2621 4511 2720 4575 τὰς
2745 4509 3054 4582 Ἑλληνίδας
3082 4511 3140 4561 ἐν
3170 4508 3390 4579 Σικελία
3423 4509 3639 4572 πόλεις,
3659 4509 3742 4561 οὐκ

2159 4601 2450 4672 ἐλαχίστας
2488 4603 2545 4656 δὲ
2575 4604 2633 4655 ἐν
2662 4604 2803 4673 ἀρχῇ
2840 4601 2952 4672 Ῐπ).
2985 4600 3146 4672 αὐτῇ]
3177 4599 3268 4653 καὶ
3311 4599 3634 4671 βαρϐάρους
3653 4619 3666 4631 ·
3695 4601 3744 4651 τὸ

2157 4692 2213 4744 δέ
2239 4691 2627 4764 Καρχηδονίων
2655 4691 2906 4762 φρόνημα
2950 4688 3306 4748 καθελοῦσαν,
3339 4691 3742 4760 ἐπινεμομένην

2157 4783 2213 4835 δὲ
2247 4784 2350 4854 ἢδη
2377 4785 2476 4854 τῆς
2521 4782 2748 4846 Ἰταλίας
2775 4781 2876 4852 τὴν
2900 4780 3208 4854 παραλίαν;
3246 4779 3385 4832 Ἀλλ’
3416 4781 3510 4832 ἐπὶ
3545 4782 3744 4849 ταύτην

2157 4875 2516 4945 ξενολογήσας
2549 4875 2577 4925 ὁ
2604 4873 2892 4936 Πλάτωνος
2931 4872 3166 4943 ἐραστὴς
3198 4871 3294 4924 καὶ
3331 4871 3641 4942 ἐρώμενος,
3676 4874 3744 4924 ἐνὶ

2157 4967 2327 5038 πλοίῳ
2373 4967 2466 5021 καὶ
2511 4966 2684 5037 τούτῳ
2737 4965 3050 5036 στρογγύλῳ
3099 4966 3160 5016 τὸ
3210 4964 3571 5034 συμμαχικὸν
3609 4966 3744 5018 ἅπαν

2155 5060 2491 5130 ἐμϐιϐάσας,
2555 5061 2622 5128 τῇ
2687 5057 2906 5128 Σικελίᾳ.
2969 5055 3396 5126 προσέπλευσεν.
3466 5056 3583 5106 Καὶ
3647 5056 3744 5106 ἀπὸ

2152 5151 2252 5220 τῆς
2287 5151 2550 5220 τοσαύτης
2578 5149 2934 5220 παρασκευῆς
2963 5148 3237 5208 Διονύσιος
3270 5146 3370 5215 μέν
3397 5145 3740 5216 ἐξηλαύνετο,

2149 5245 2251 5314 τὴν
2280 5241 2552 5296 πολιτείαν
2585 5241 2640 5294 δέ
2668 5241 2806 5295 Δίων
2835 5239 3329 5312 μετεσχημάτιξεν,
3361 5237 3652 5300 ἀποδιδοὺς
3681 5241 3742 5306 τῇ

2150 5335 2260 5388 τῶν
2302 5334 2482 5404 νόμων
2527 5333 2795 5404 ἡγεμονίᾳ
2821 5333 2922 5396 τὰς
2969 5331 3172 5394 πόλεις.
3227 5329 3390 5382 Οὕτω
3440 5330 3614 5383 πάλαι
3654 5330 3744 5398 μὲν

2154 5424 2495 5492 συνεγίνοντο
2540 5424 2828 5492 φιλοσοφία
2891 5423 2982 5476 καὶ
3046 5421 3322 5485 πολιτεία,
3377 5423 3477 5474 καί
3534 5421 3743 5474 ἐπειδάν

2152 5515 2474 5581 συνέλθοιεν,
2512 5513 2732 5568 τοιαῦτα
2761 5514 3096 5585 εἰργάζοντο.

465 5616 763 5670 exercitum
818 5615 1168 5676 collocasset,
1219 5614 1274 5667 in
1338 5612 1583 5669 Siciliam
1640 5613 2005 5682 adnavigavit.
2082 5613 2164 5666 Ab
2225 5611 2327 5664 hoc
2385 5608 2551 5677 igitur
2617 5615 2772 5660 tanto
2838 5613 3103 5675 apparatu
3165 5613 3222 5659 et
3286 5606 3595 5678 Dionysius
3653 5621 3744 5658 ex-

463 5711 656 5780 pulsus
683 5709 804 5777 fuit,
837 5717 892 5766 et
921 5718 1038 5762 tum
1078 5723 1252 5778 remp.
1291 5709 1469 5763 Dioin
1523 5711 1954 5778 prcestantinrem
2015 5708 2242 5764 formam
2287 5705 2524 5776 redegit,
2587 5719 2712 5758 cum
2763 5704 2940 5772 legum
2995 5701 3231 5771 imperio
3273 5703 3542 5760 civitates
3601 5705 3750 5760 resti-
