  <div class='ocr_page' id='page_1' title='image "/cluster/home/n/w/nwhite01/storage/ocr_20150623/66/nnc1.0021886636/862.png"; bbox 0 0 3838 6236; ppageno 0'>
   <div class='ocr_carea' id='block_1_1' title="bbox 600 122 899 177">
    <p class='ocr_par' dir='ltr' id='par_1_1' title="bbox 600 122 899 177">
     <span class='ocr_line' id='line_1_1' title="bbox 600 122 899 177; baseline 0.01 -35"><span class='ocrx_word' id='word_1_1' title='bbox 754 163 765 167; x_wconf 41' lang='grc'><em>⁴</em></span> <span class='ocrx_word' id='word_1_2' title='bbox 826 138 899 165; x_wconf 22' lang='grc' dir='ltr'>1.,νη</span> 
     </span>
    </p>
   </div>
   <div class='ocr_carea' id='block_1_2' title="bbox 596 208 761 274">
    <p class='ocr_par' dir='ltr' id='par_1_2' title="bbox 596 208 761 274">
     <span class='ocr_line' id='line_1_2' title="bbox 596 208 761 274; baseline -0.006 -12"><span class='ocrx_word' id='word_1_3' title='bbox 596 208 663 274; x_wconf 41' lang='grc' dir='ltr'><strong>,ελ</strong></span> 
     </span>
    </p>
   </div>
   <div class='ocr_carea' id='block_1_3' title="bbox 174 288 310 345">
    <p class='ocr_par' dir='ltr' id='par_1_3' title="bbox 174 288 310 345">
     <span class='ocr_line' id='line_1_3' title="bbox 174 288 310 345; baseline -0.007 0"><span class='ocrx_word' id='word_1_4' title='bbox 174 288 310 345; x_wconf 67' lang='grc'><strong>1381</strong></span> 
     </span>
    </p>
   </div>
   <div class='ocr_carea' id='block_1_4' title="bbox 1312 293 2349 355">
    <p class='ocr_par' dir='ltr' id='par_1_4' title="bbox 1312 293 2349 355">
     <span class='ocr_line' id='line_1_4' title="bbox 1312 293 2349 355; baseline 0.008 -8"><span class='ocrx_word' id='word_1_5' title='bbox 1312 293 1399 348; x_wconf 88' lang='lat' dir='ltr'><strong>DE</strong></span> <span class='ocrx_word' id='word_1_6' title='bbox 1428 294 1610 353; x_wconf 72' lang='lat' dir='ltr'><strong>DONO</strong></span> <span class='ocrx_word' id='word_1_7' title='bbox 1651 297 2064 353; x_wconf 65' lang='lat' dir='ltr'><strong>ASTROLABII</strong></span> <span class='ocrx_word' id='word_1_8' title='bbox 2098 298 2349 355; x_wconf 79' lang='lat' dir='ltr'><strong>SERMO.</strong></span> 
     </span>
    </p>
   </div>
   <div class='ocr_carea' id='block_1_5' title="bbox 3300 303 3440 361">
    <p class='ocr_par' dir='ltr' id='par_1_5' title="bbox 3300 303 3440 361">
     <span class='ocr_line' id='line_1_5' title="bbox 3300 303 3440 361; baseline 0.021 -3"><span class='ocrx_word' id='word_1_9' title='bbox 3300 303 3440 361; x_wconf 72' lang='lat' dir='ltr'><strong>I582</strong></span> 
     </span>
    </p>
   </div>
   <div class='ocr_carea' id='block_1_6' title="bbox 172 401 3437 482">
    <p class='ocr_par' dir='ltr' id='par_1_6' title="bbox 172 401 3437 482">
     <span class='ocr_line' id='line_1_6' title="bbox 172 401 3437 482; baseline 0.004 -24"><span class='ocrx_word' id='word_1_10' title='bbox 172 410 380 458; x_wconf 76' lang='lat' dir='ltr'><strong>tueret.</strong></span> <span class='ocrx_word' id='word_1_11' title='bbox 426 401 502 457; x_wconf 87' lang='lat' dir='ltr'><strong>Ita</strong></span> <span class='ocrx_word' id='word_1_12' title='bbox 546 402 768 458; x_wconf 80' lang='lat' dir='ltr'><strong>sociatae</strong></span> <span class='ocrx_word' id='word_1_13' title='bbox 818 403 946 459; x_wconf 88' lang='lat' dir='ltr'><strong>olim</strong></span> <span class='ocrx_word' id='word_1_14' title='bbox 995 404 1343 476; x_wconf 77' lang='lat' dir='ltr'><strong>philosOphia</strong></span> <span class='ocrx_word' id='word_1_15' title='bbox 1386 417 1440 461; x_wconf 89' lang='lat' dir='ltr'><strong>et.</strong></span> <span class='ocrx_word' id='word_1_16' title='bbox 1484 408 1669 461; x_wconf 85' lang='lat' dir='ltr'><strong>civilis</strong></span> <span class='ocrx_word' id='word_1_17' title='bbox 1709 408 2114 464; x_wconf 69' lang='lat' dir='ltr'><strong>administratio</strong></span> <span class='ocrx_word' id='word_1_18' title='bbox 2151 409 2322 472; x_wconf 80' lang='lat' dir='ltr'><strong>fuere,</strong></span> <span class='ocrx_word' id='word_1_19' title='bbox 2365 417 2420 465; x_wconf 90' lang='lat' dir='ltr'><strong>et</strong></span> <span class='ocrx_word' id='word_1_20' title='bbox 2458 410 2551 467; x_wconf 90' lang='lat' dir='ltr'><strong>ubi</strong></span> <span class='ocrx_word' id='word_1_21' title='bbox 2598 411 2681 468; x_wconf 86' lang='lat' dir='ltr'><strong>sic</strong></span> <span class='ocrx_word' id='word_1_22' title='bbox 2746 418 3076 482; x_wconf 81' lang='lat' dir='ltr'><strong>convehere,</strong></span> <span class='ocrx_word' id='word_1_23' title='bbox 3114 421 3294 472; x_wconf 84' lang='lat' dir='ltr'><strong>tantas</strong></span> <span class='ocrx_word' id='word_1_24' title='bbox 3347 431 3437 471; x_wconf 87' lang='lat' dir='ltr'><strong>res</strong></span> 
     </span>
    </p>
   </div>
   <div class='ocr_carea' id='block_1_7' title="bbox 171 496 572 564">
    <p class='ocr_par' dir='ltr' id='par_1_7' title="bbox 171 496 572 564">
     <span class='ocr_line' id='line_1_7' title="bbox 171 496 572 564; baseline 0.002 -18"><span class='ocrx_word' id='word_1_25' title='bbox 171 496 572 564; x_wconf 69' lang='lat' dir='ltr'><strong>praestiterunt.</strong></span> 
     </span>
    </p>
   </div>
   <div class='ocr_carea' id='block_1_8' title="bbox 252 580 1754 660">
    <p class='ocr_par' dir='ltr' id='par_1_8' title="bbox 252 583 1754 660">
     <span class='ocr_line' id='line_1_8' title="bbox 252 583 1754 660; baseline 0.004 -23"><span class='ocrx_word' id='word_1_26' title='bbox 252 587 464 656; x_wconf 82' lang='grc' dir='ltr'>Ὠσπερ</span> <span class='ocrx_word' id='word_1_27' title='bbox 502 586 559 639; x_wconf 81' lang='grc' dir='ltr'>δὲ</span> <span class='ocrx_word' id='word_1_28' title='bbox 596 585 665 639; x_wconf 73' lang='grc' dir='ltr'>τὰ</span> <span class='ocrx_word' id='word_1_29' title='bbox 693 586 832 641; x_wconf 82' lang='grc' dir='ltr'>ἄλλα</span> <span class='ocrx_word' id='word_1_30' title='bbox 863 586 932 640; x_wconf 84' lang='grc' dir='ltr'><strong>τά</strong></span> <span class='ocrx_word' id='word_1_31' title='bbox 976 587 1117 642; x_wconf 88' lang='grc' dir='ltr'><strong>καλά</strong></span> <span class='ocrx_word' id='word_1_32' title='bbox 1151 589 1247 642; x_wconf 76' lang='grc' dir='ltr'><strong>καὶ</strong></span> <span class='ocrx_word' id='word_1_33' title='bbox 1293 591 1488 660; x_wconf 70' lang='grc' dir='ltr'>σεμνὰ,</span> <span class='ocrx_word' id='word_1_34' title='bbox 1524 590 1648 643; x_wconf 88' lang='grc' dir='ltr'>καθ’</span> <span class='ocrx_word' id='word_1_35' title='bbox 1684 583 1754 645; x_wconf 85' lang='grc' dir='ltr'>ὧν</span> 
     </span>
    </p>
   </div>
   <div class='ocr_carea' id='block_1_9' title="bbox 1857 580 3439 660">
    <p class='ocr_par' dir='ltr' id='par_1_9' title="bbox 1936 580 3439 657">
     <span class='ocr_line' id='line_1_9' title="bbox 1936 580 3439 657; baseline 0.007 -22"><span class='ocrx_word' id='word_1_36' title='bbox 1936 580 2129 643; x_wconf 83' lang='lat' dir='ltr'><strong>Porro.</strong></span> <span class='ocrx_word' id='word_1_37' title='bbox 2171 582 2315 638; x_wconf 89' lang='lat' dir='ltr'><strong>sicut</strong></span> <span class='ocrx_word' id='word_1_38' title='bbox 2343 583 2463 639; x_wconf 76' lang='lat' dir='ltr'><strong>alia:</strong></span> <span class='ocrx_word' id='word_1_39' title='bbox 2501 600 2587 639; x_wconf 90' lang='lat' dir='ltr'><strong>res</strong></span> <span class='ocrx_word' id='word_1_40' title='bbox 2625 584 2871 640; x_wconf 80' lang='lat' dir='ltr'><strong>honesta:</strong></span> <span class='ocrx_word' id='word_1_41' title='bbox 2902 593 2956 641; x_wconf 87' lang='lat' dir='ltr'><strong>et</strong></span> <span class='ocrx_word' id='word_1_42' title='bbox 2987 602 3205 657; x_wconf 78' lang='lat' dir='ltr'><strong>graves,</strong></span> <span class='ocrx_word' id='word_1_43' title='bbox 3246 590 3439 648; x_wconf 87' lang='lat' dir='ltr'><strong>adver-</strong></span> 
     </span>
    </p>
   </div>
   <div class='ocr_carea' id='block_1_10' title="bbox 173 677 1757 748">
    <p class='ocr_par' dir='ltr' id='par_1_10' title="bbox 173 677 1757 748">
     <span class='ocr_line' id='line_1_10' title="bbox 173 677 1757 748; baseline 0.003 -18"><span class='ocrx_word' id='word_1_44' title='bbox 173 677 433 731; x_wconf 88' lang='grc' dir='ltr'>άπάντων</span> <span class='ocrx_word' id='word_1_45' title='bbox 461 678 488 729; x_wconf 80' lang='grc' dir='ltr'><strong>ὁ</strong></span> <span class='ocrx_word' id='word_1_46' title='bbox 521 677 711 748; x_wconf 81' lang='grc' dir='ltr'>χρόνος</span> <span class='ocrx_word' id='word_1_47' title='bbox 740 678 1115 733; x_wconf 80' lang='grc' dir='ltr'><strong>ἐνεανιεύσατο</strong></span> <span class='ocrx_word' id='word_1_48' title='bbox 1141 697 1154 709; x_wconf 90' lang='grc'><strong>·</strong></span> <span class='ocrx_word' id='word_1_49' title='bbox 1188 681 1281 733; x_wconf 79' lang='grc' dir='ltr'><strong>καὶ</strong></span> <span class='ocrx_word' id='word_1_50' title='bbox 1306 680 1463 735; x_wconf 82' lang='grc' dir='ltr'>τοῦτο</span> <span class='ocrx_word' id='word_1_51' title='bbox 1502 682 1757 735; x_wconf 83' lang='grc' dir='ltr'><strong>κατιόντα</strong></span> 
     </span>
    </p>
   </div>
   <div class='ocr_carea' id='block_1_11' title="bbox 168 765 1755 843">
    <p class='ocr_par' dir='ltr' id='par_1_11' title="bbox 168 765 1755 843">
     <span class='ocr_line' id='line_1_11' title="bbox 168 765 1755 843; baseline 0.004 -24"><span class='ocrx_word' id='word_1_52' title='bbox 168 767 267 819; x_wconf 78' lang='grc' dir='ltr'><strong>τὸν</strong></span> <span class='ocrx_word' id='word_1_53' title='bbox 302 765 415 836; x_wconf 82' lang='grc' dir='ltr'>βίον</span> <span class='ocrx_word' id='word_1_54' title='bbox 449 768 681 820; x_wconf 83' lang='grc' dir='ltr'>ἀπέλιπε</span> <span class='ocrx_word' id='word_1_55' title='bbox 734 768 795 820; x_wconf 76' lang='grc' dir='ltr'>τὸ</span> <span class='ocrx_word' id='word_1_56' title='bbox 834 768 1006 822; x_wconf 74' lang='grc' dir='ltr'>διττὸν</span> <span class='ocrx_word' id='word_1_57' title='bbox 1051 766 1208 833; x_wconf 82' lang='grc' dir='ltr'>εἶδος,</span> <span class='ocrx_word' id='word_1_58' title='bbox 1243 772 1336 824; x_wconf 71' lang='grc' dir='ltr'>καὶ</span> <span class='ocrx_word' id='word_1_59' title='bbox 1377 771 1755 843; x_wconf 87' lang='grc' dir='ltr'>κατεχωρίσθη</span> 
     </span>
    </p>
   </div>
   <div class='ocr_carea' id='block_1_12' title="bbox 173 859 1758 932">
    <p class='ocr_par' dir='ltr' id='par_1_12' title="bbox 173 859 1758 932">
     <span class='ocr_line' id='line_1_12' title="bbox 173 859 1758 932; baseline 0.003 -21"><span class='ocrx_word' id='word_1_60' title='bbox 173 859 331 930; x_wconf 77' lang='grc' dir='ltr'>παρὰ</span> <span class='ocrx_word' id='word_1_61' title='bbox 352 859 442 912; x_wconf 82' lang='grc' dir='ltr'><strong>τὸν</strong></span> <span class='ocrx_word' id='word_1_62' title='bbox 468 860 711 931; x_wconf 74' lang='grc' dir='ltr'>ὕστερον.</span> <span class='ocrx_word' id='word_1_63' title='bbox 745 862 1046 932; x_wconf 80' lang='grc' dir='ltr'><strong>Τοιγαροῦν</strong></span> <span class='ocrx_word' id='word_1_64' title='bbox 1066 863 1186 916; x_wconf 68' lang='grc' dir='ltr'>οὐδὲ</span> <span class='ocrx_word' id='word_1_65' title='bbox 1215 864 1364 929; x_wconf 80' lang='grc' dir='ltr'>ἄξιον</span> <span class='ocrx_word' id='word_1_66' title='bbox 1388 864 1582 927; x_wconf 81' lang='grc' dir='ltr'>εἰπεῖν,</span> <span class='ocrx_word' id='word_1_67' title='bbox 1610 864 1758 927; x_wconf 83' lang='grc' dir='ltr'>ὅπως</span> 
     </span>
    </p>
   </div>
   <div class='ocr_carea' id='block_1_13' title="bbox 173 951 1756 1028">
    <p class='ocr_par' dir='ltr' id='par_1_13' title="bbox 173 951 1756 1028">
     <span class='ocr_line' id='line_1_13' title="bbox 173 951 1756 1028; baseline 0.003 -24"><span class='ocrx_word' id='word_1_68' title='bbox 173 951 291 1022; x_wconf 77' lang='grc' dir='ltr'>ἔχει</span> <span class='ocrx_word' id='word_1_69' title='bbox 310 955 417 1015; x_wconf 86' lang='grc' dir='ltr'>τοῖς</span> <span class='ocrx_word' id='word_1_70' title='bbox 440 953 745 1024; x_wconf 84' lang='grc' dir='ltr'>ἀνθρώποις</span> <span class='ocrx_word' id='word_1_71' title='bbox 762 955 830 1008; x_wconf 80' lang='grc' dir='ltr'>τὰ</span> <span class='ocrx_word' id='word_1_72' title='bbox 857 955 1173 1026; x_wconf 86' lang='grc' dir='ltr'>πράγματα.</span> <span class='ocrx_word' id='word_1_73' title='bbox 1199 956 1290 1026; x_wconf 84' lang='grc' dir='ltr'><strong>Μὴ</strong></span> <span class='ocrx_word' id='word_1_74' title='bbox 1316 956 1425 1028; x_wconf 77' lang='grc' dir='ltr'>γὰρ</span> <span class='ocrx_word' id='word_1_75' title='bbox 1444 957 1577 1009; x_wconf 84' lang='grc' dir='ltr'>διότι</span> <span class='ocrx_word' id='word_1_76' title='bbox 1600 955 1756 1009; x_wconf 82' lang='grc' dir='ltr'>τοῦτο</span> 
     </span>
    </p>
   </div>
   <div class='ocr_carea' id='block_1_14' title="bbox 171 1042 1757 1116">
    <p class='ocr_par' dir='ltr' id='par_1_14' title="bbox 171 1042 1757 1116">
     <span class='ocr_line' id='line_1_14' title="bbox 171 1042 1757 1116; baseline 0.002 -17"><span class='ocrx_word' id='word_1_77' title='bbox 171 1046 271 1099; x_wconf 84' lang='grc' dir='ltr'><strong>καὶ</strong></span> <span class='ocrx_word' id='word_1_78' title='bbox 325 1042 494 1098; x_wconf 80' lang='grc' dir='ltr'>τᾶλλα</span> <span class='ocrx_word' id='word_1_79' title='bbox 544 1048 689 1116; x_wconf 74' lang='grc' dir='ltr'>ἡμᾶς</span> <span class='ocrx_word' id='word_1_80' title='bbox 726 1046 1078 1100; x_wconf 83' lang='grc' dir='ltr'>ἀπολέλοιπεν</span> <span class='ocrx_word' id='word_1_81' title='bbox 1121 1047 1336 1115; x_wconf 88' lang='grc' dir='ltr'>ἁγαθά;</span> <span class='ocrx_word' id='word_1_82' title='bbox 1381 1048 1467 1111; x_wconf 81' lang='grc' dir='ltr'>Ὠς</span> <span class='ocrx_word' id='word_1_83' title='bbox 1505 1047 1657 1101; x_wconf 83' lang='grc' dir='ltr'>οὐδὲν</span> <span class='ocrx_word' id='word_1_84' title='bbox 1690 1046 1757 1102; x_wconf 82' lang='grc' dir='ltr'>ἂν</span> 
     </span>
    </p>
   </div>
   <div class='ocr_carea' id='block_1_15' title="bbox 171 1137 1757 1209">
    <p class='ocr_par' dir='ltr' id='par_1_15' title="bbox 171 1137 1757 1209">
     <span class='ocr_line' id='line_1_15' title="bbox 171 1137 1757 1209; baseline 0 -18"><span class='ocrx_word' id='word_1_85' title='bbox 171 1138 385 1204; x_wconf 83' lang='grc' dir='ltr'>γένοιτο</span> <span class='ocrx_word' id='word_1_86' title='bbox 417 1137 604 1190; x_wconf 86' lang='grc' dir='ltr'>πόλεσι</span> <span class='ocrx_word' id='word_1_87' title='bbox 633 1137 951 1208; x_wconf 85' lang='grc' dir='ltr'>δυστύχημα</span> <span class='ocrx_word' id='word_1_88' title='bbox 977 1137 1179 1208; x_wconf 75' lang='grc' dir='ltr'>μεῖζον,</span> <span class='ocrx_word' id='word_1_89' title='bbox 1204 1138 1296 1191; x_wconf 86' lang='grc' dir='ltr'>τοῦ</span> <span class='ocrx_word' id='word_1_90' title='bbox 1322 1138 1383 1190; x_wconf 84' lang='grc' dir='ltr'><strong>τὸ</strong></span> <span class='ocrx_word' id='word_1_91' title='bbox 1412 1138 1508 1208; x_wconf 80' lang='grc' dir='ltr'><strong>μὲν</strong></span> <span class='ocrx_word' id='word_1_92' title='bbox 1539 1138 1757 1209; x_wconf 72' lang='grc' dir='ltr'>ἰσχυρὸν</span> 
     </span>
    </p>
   </div>
   <div class='ocr_carea' id='block_1_16' title="bbox 167 1226 1757 1297">
    <p class='ocr_par' dir='ltr' id='par_1_16' title="bbox 167 1226 1757 1297">
     <span class='ocr_line' id='line_1_16' title="bbox 167 1226 1757 1297; baseline 0.003 -18"><span class='ocrx_word' id='word_1_93' title='bbox 167 1226 401 1296; x_wconf 85' lang='grc' dir='ltr'>ἀνόητον</span> <span class='ocrx_word' id='word_1_94' title='bbox 435 1226 598 1296; x_wconf 78' lang='grc' dir='ltr'>ἔχειν,</span> <span class='ocrx_word' id='word_1_95' title='bbox 625 1226 684 1279; x_wconf 80' lang='grc' dir='ltr'>τὺ</span> <span class='ocrx_word' id='word_1_96' title='bbox 711 1227 756 1280; x_wconf 83' lang='grc' dir='ltr'>δ’</span> <span class='ocrx_word' id='word_1_97' title='bbox 784 1228 1016 1297; x_wconf 76' lang='grc' dir='ltr'>ἔμφρον,</span> <span class='ocrx_word' id='word_1_98' title='bbox 1065 1228 1343 1283; x_wconf 87' lang='grc' dir='ltr'>ἀδύνατον.</span> <span class='ocrx_word' id='word_1_99' title='bbox 1392 1229 1529 1282; x_wconf 80' lang='grc' dir='ltr'>Ἀλλ’</span> <span class='ocrx_word' id='word_1_100' title='bbox 1572 1229 1757 1293; x_wconf 83' lang='grc' dir='ltr'>ἔοικας</span> 
     </span>
    </p>
   </div>
   <div class='ocr_carea' id='block_1_17' title="bbox 170 1317 1755 1393">
    <p class='ocr_par' dir='ltr' id='par_1_17' title="bbox 170 1317 1755 1393">
     <span class='ocr_line' id='line_1_17' title="bbox 170 1317 1755 1393; baseline 0.004 -24"><span class='ocrx_word' id='word_1_101' title='bbox 170 1317 283 1387; x_wconf 84' lang='grc' dir='ltr'>γὰρ</span> <span class='ocrx_word' id='word_1_102' title='bbox 329 1318 489 1379; x_wconf 75' lang='grc' dir='ltr'>αὐτὸς</span> <span class='ocrx_word' id='word_1_103' title='bbox 532 1318 718 1389; x_wconf 77' lang='grc' dir='ltr'>ἄρξειν</span> <span class='ocrx_word' id='word_1_104' title='bbox 751 1319 858 1391; x_wconf 66' lang='grc' dir='ltr'>[ἴσ.</span> <span class='ocrx_word' id='word_1_105' title='bbox 913 1319 1116 1391; x_wconf 77' lang='grc' dir='ltr'>ἄρξων]</span> <span class='ocrx_word' id='word_1_106' title='bbox 1163 1322 1460 1390; x_wconf 77' lang='grc' dir='ltr'>ἐπανάγειν</span> <span class='ocrx_word' id='word_1_107' title='bbox 1495 1324 1625 1393; x_wconf 85' lang='grc' dir='ltr'>ήμῖν</span> <span class='ocrx_word' id='word_1_108' title='bbox 1664 1323 1755 1376; x_wconf 85' lang='grc' dir='ltr'><strong>τὸν</strong></span> 
     </span>
    </p>
   </div>
   <div class='ocr_carea' id='block_1_18' title="bbox 171 1409 1755 1486">
    <p class='ocr_par' dir='ltr' id='par_1_18' title="bbox 171 1409 1755 1486">
     <span class='ocr_line' id='line_1_18' title="bbox 171 1409 1755 1486; baseline 0.005 -25"><span class='ocrx_word' id='word_1_109' title='bbox 171 1409 515 1480; x_wconf 84' lang='grc' dir='ltr'>συνδυασμὸν</span> <span class='ocrx_word' id='word_1_110' title='bbox 561 1410 772 1465; x_wconf 76' lang='grc' dir='ltr'>τοῦτον.</span> <span class='ocrx_word' id='word_1_111' title='bbox 810 1412 891 1466; x_wconf 86' lang='grc' dir='ltr'><strong>Τά</strong></span> <span class='ocrx_word' id='word_1_112' title='bbox 924 1430 982 1465; x_wconf 92' lang='grc' dir='ltr'><strong>τε</strong></span> <span class='ocrx_word' id='word_1_113' title='bbox 1027 1414 1135 1485; x_wconf 84' lang='grc' dir='ltr'><strong>γάρ</strong></span> <span class='ocrx_word' id='word_1_114' title='bbox 1168 1414 1321 1467; x_wconf 88' lang='grc' dir='ltr'>κοινὰ</span> <span class='ocrx_word' id='word_1_115' title='bbox 1373 1416 1631 1486; x_wconf 86' lang='grc' dir='ltr'>πράττειν</span> <span class='ocrx_word' id='word_1_116' title='bbox 1663 1434 1755 1469; x_wconf 82' lang='grc' dir='ltr'>πι-</span> 
     </span>
    </p>
   </div>
   <div class='ocr_carea' id='block_1_19' title="bbox 172 1502 1754 1579">
    <p class='ocr_par' dir='ltr' id='par_1_19' title="bbox 172 1502 1754 1579">
     <span class='ocr_line' id='line_1_19' title="bbox 172 1502 1754 1579; baseline 0.003 -24"><span class='ocrx_word' id='word_1_117' title='bbox 172 1502 341 1575; x_wconf 83' lang='grc' dir='ltr'>στεύῃ</span> <span class='ocrx_word' id='word_1_118' title='bbox 366 1503 474 1575; x_wconf 77' lang='grc' dir='ltr'>[γρ.</span> <span class='ocrx_word' id='word_1_119' title='bbox 500 1504 805 1578; x_wconf 79' lang='grc' dir='ltr'>πιστεύης].</span> <span class='ocrx_word' id='word_1_120' title='bbox 838 1507 933 1558; x_wconf 75' lang='grc' dir='ltr'><strong>καὶ</strong></span> <span class='ocrx_word' id='word_1_121' title='bbox 955 1506 1271 1574; x_wconf 72' lang='grc' dir='ltr'>φιλοσοφίαν</span> <span class='ocrx_word' id='word_1_122' title='bbox 1295 1508 1394 1561; x_wconf 79' lang='grc' dir='ltr'>οῑει</span> <span class='ocrx_word' id='word_1_123' title='bbox 1422 1508 1530 1561; x_wconf 85' lang='grc' dir='ltr'>δεῖν</span> <span class='ocrx_word' id='word_1_124' title='bbox 1561 1508 1754 1579; x_wconf 83' lang='grc' dir='ltr'>ἐπιτη-</span> 
     </span>
    </p>
   </div>
   <div class='ocr_carea' id='block_1_20' title="bbox 166 1588 1753 1669">
    <p class='ocr_par' dir='ltr' id='par_1_20' title="bbox 166 1588 1753 1669">
     <span class='ocr_line' id='line_1_20' title="bbox 166 1588 1753 1669; baseline 0.004 -24"><span class='ocrx_word' id='word_1_125' title='bbox 166 1592 371 1647; x_wconf 82' lang='grc' dir='ltr'>δεύειν.</span> <span class='ocrx_word' id='word_1_126' title='bbox 419 1588 883 1660; x_wconf 42' lang='grc' dir='ltr'>Βάλλίούτωςμῦς</span> <span class='ocrx_word' id='word_1_127' title='bbox 907 1597 1096 1666; x_wconf 82' lang='grc' dir='ltr'>ἀγῶνα</span> <span class='ocrx_word' id='word_1_128' title='bbox 1133 1598 1295 1650; x_wconf 80' lang='grc' dir='ltr'>καλὸν</span> <span class='ocrx_word' id='word_1_129' title='bbox 1316 1599 1455 1669; x_wconf 85' lang='grc' dir='ltr'>ὑπέρ</span> <span class='ocrx_word' id='word_1_130' title='bbox 1483 1616 1543 1651; x_wconf 88' lang='grc' dir='ltr'><strong>τε</strong></span> <span class='ocrx_word' id='word_1_131' title='bbox 1572 1601 1604 1669; x_wconf 84' lang='grc' dir='ltr'><strong>ή</strong></span> <span class='ocrx_word' id='word_1_132' title='bbox 1614 1599 1753 1669; x_wconf 87' lang='grc' dir='ltr'>μῶν,</span> 
     </span>
    </p>
   </div>
   <div class='ocr_carea' id='block_1_21' title="bbox 166 1686 1756 1761">
    <p class='ocr_par' dir='ltr' id='par_1_21' title="bbox 166 1686 1756 1761">
     <span class='ocr_line' id='line_1_21' title="bbox 166 1686 1756 1761; baseline 0.004 -23"><span class='ocrx_word' id='word_1_133' title='bbox 166 1686 318 1756; x_wconf 78' lang='grc' dir='ltr'>ὑπέρ</span> <span class='ocrx_word' id='word_1_134' title='bbox 362 1704 420 1738; x_wconf 89' lang='grc' dir='ltr'><strong>τε</strong></span> <span class='ocrx_word' id='word_1_135' title='bbox 466 1686 693 1741; x_wconf 83' lang='grc' dir='ltr'>Μουσῶν</span> <span class='ocrx_word' id='word_1_136' title='bbox 745 1688 1009 1761; x_wconf 75' lang='grc' dir='ltr'><strong>ἀγωνίζῃ,</strong></span> <span class='ocrx_word' id='word_1_137' title='bbox 1052 1689 1145 1743; x_wconf 82' lang='grc' dir='ltr'>τοῦ</span> <span class='ocrx_word' id='word_1_138' title='bbox 1192 1691 1266 1760; x_wconf 89' lang='grc' dir='ltr'><strong>μή</strong></span> <span class='ocrx_word' id='word_1_139' title='bbox 1304 1706 1425 1742; x_wconf 84' lang='grc' dir='ltr'>τινα</span> <span class='ocrx_word' id='word_1_140' title='bbox 1471 1690 1638 1753; x_wconf 77' lang='grc' dir='ltr'>αὑτὰς</span> <span class='ocrx_word' id='word_1_141' title='bbox 1680 1690 1756 1754; x_wconf 84' lang='grc' dir='ltr'><strong>ὡς</strong></span> 
     </span>
    </p>
   </div>
   <div class='ocr_carea' id='block_1_22' title="bbox 167 1778 1755 1852">
    <p class='ocr_par' dir='ltr' id='par_1_22' title="bbox 167 1778 1755 1852">
     <span class='ocr_line' id='line_1_22' title="bbox 167 1778 1755 1852; baseline 0.004 -23"><span class='ocrx_word' id='word_1_142' title='bbox 167 1778 491 1848; x_wconf 79' lang='grc' dir='ltr'>ἀπράκτους</span> <span class='ocrx_word' id='word_1_143' title='bbox 541 1780 634 1831; x_wconf 74' lang='grc' dir='ltr'><strong>καὶ</strong></span> <span class='ocrx_word' id='word_1_144' title='bbox 677 1780 902 1849; x_wconf 78' lang='grc' dir='ltr'>ἄχειρας</span> <span class='ocrx_word' id='word_1_145' title='bbox 952 1782 1159 1852; x_wconf 83' lang='grc' dir='ltr'>ἀγορᾶς</span> <span class='ocrx_word' id='word_1_146' title='bbox 1210 1798 1270 1834; x_wconf 87' lang='grc' dir='ltr'><strong>τε</strong></span> <span class='ocrx_word' id='word_1_147' title='bbox 1317 1781 1412 1834; x_wconf 78' lang='grc' dir='ltr'>καὶ</span> <span class='ocrx_word' id='word_1_148' title='bbox 1464 1782 1755 1852; x_wconf 81' lang='grc' dir='ltr'>στρατείας</span> 
     </span>
    </p>
   </div>
   <div class='ocr_carea' id='block_1_23' title="bbox 164 1868 1754 1941">
    <p class='ocr_par' dir='ltr' id='par_1_23' title="bbox 164 1868 1754 1941">
     <span class='ocr_line' id='line_1_23' title="bbox 164 1868 1754 1941; baseline 0.003 -20"><span class='ocrx_word' id='word_1_149' title='bbox 164 1868 516 1931; x_wconf 79' lang='grc' dir='ltr'>ἀπελαύνειν,</span> <span class='ocrx_word' id='word_1_150' title='bbox 549 1870 643 1922; x_wconf 84' lang='grc' dir='ltr'>ἆτε</span> <span class='ocrx_word' id='word_1_151' title='bbox 695 1870 862 1941; x_wconf 80' lang='grc' dir='ltr'>μηδὲν</span> <span class='ocrx_word' id='word_1_152' title='bbox 908 1872 1006 1940; x_wconf 84' lang='grc' dir='ltr'><strong>μὲν</strong></span> <span class='ocrx_word' id='word_1_153' title='bbox 1051 1871 1243 1940; x_wconf 82' lang='grc' dir='ltr'>ὄφελος</span> <span class='ocrx_word' id='word_1_154' title='bbox 1288 1872 1454 1937; x_wconf 72' lang='grc' dir='ltr'>οὔσας</span> <span class='ocrx_word' id='word_1_155' title='bbox 1484 1875 1540 1936; x_wconf 84' lang='grc' dir='ltr'><strong>ἐς</strong></span> <span class='ocrx_word' id='word_1_156' title='bbox 1572 1873 1671 1936; x_wconf 81' lang='grc' dir='ltr'>τὰς</span> <span class='ocrx_word' id='word_1_157' title='bbox 1696 1876 1754 1926; x_wconf 89' lang='grc' dir='ltr'><strong>ἐν</strong></span> 
     </span>
    </p>
   </div>
   <div class='ocr_carea' id='block_1_24' title="bbox 1862 675 3439 745">
    <p class='ocr_par' dir='ltr' id='par_1_24' title="bbox 1862 675 3439 745">
     <span class='ocr_line' id='line_1_24' title="bbox 1862 675 3439 745; baseline 0.006 -16"><span class='ocrx_word' id='word_1_158' title='bbox 1862 690 1958 730; x_wconf 91' lang='lat' dir='ltr'><strong>sus</strong></span> <span class='ocrx_word' id='word_1_159' title='bbox 1993 691 2132 744; x_wconf 89' lang='lat' dir='ltr'><strong>quas</strong></span> <span class='ocrx_word' id='word_1_160' title='bbox 2163 675 2451 732; x_wconf 87' lang='lat' dir='ltr'><strong>universas</strong></span> <span class='ocrx_word' id='word_1_161' title='bbox 2483 684 2702 745; x_wconf 89' lang='lat' dir='ltr'><strong>tempus</strong></span> <span class='ocrx_word' id='word_1_162' title='bbox 2735 678 2843 730; x_wconf 84' lang='lat' dir='ltr'><strong>vim</strong></span> <span class='ocrx_word' id='word_1_163' title='bbox 2900 679 3232 745; x_wconf 71' lang='lat' dir='ltr'><strong>petulantem</strong></span> <span class='ocrx_word' id='word_1_164' title='bbox 3281 698 3439 739; x_wconf 86' lang='lat' dir='ltr'><strong>exer-</strong></span> 
     </span>
    </p>
   </div>
   <div class='ocr_carea' id='block_1_25' title="bbox 1861 766 3437 838">
    <p class='ocr_par' dir='ltr' id='par_1_25' title="bbox 1861 766 3437 838">
     <span class='ocr_line' id='line_1_25' title="bbox 1861 766 3437 838; baseline 0.004 -19"><span class='ocrx_word' id='word_1_165' title='bbox 1861 766 1976 819; x_wconf 90' lang='lat' dir='ltr'><strong>cuit</strong></span> <span class='ocrx_word' id='word_1_166' title='bbox 2039 784 2052 820; x_wconf 92' lang='lat'><strong>:</strong></span> <span class='ocrx_word' id='word_1_167' title='bbox 2117 766 2190 819; x_wconf 90' lang='lat' dir='ltr'><strong>ita</strong></span> <span class='ocrx_word' id='word_1_168' title='bbox 2230 768 2331 820; x_wconf 92' lang='lat' dir='ltr'><strong>hoc</strong></span> <span class='ocrx_word' id='word_1_169' title='bbox 2370 768 2535 821; x_wconf 90' lang='lat' dir='ltr'><strong>etiam</strong></span> <span class='ocrx_word' id='word_1_170' title='bbox 2575 766 2777 835; x_wconf 84' lang='lat' dir='ltr'><strong>duplex</strong></span> <span class='ocrx_word' id='word_1_171' title='bbox 2830 782 3002 838; x_wconf 88' lang='lat' dir='ltr'><strong>genus</strong></span> <span class='ocrx_word' id='word_1_172' title='bbox 3050 770 3437 826; x_wconf 72' lang='lat' dir='ltr'><strong>succedentem</strong></span> 
     </span>
    </p>
   </div>
   <div class='ocr_carea' id='block_1_26' title="bbox 1858 856 3436 929">
    <p class='ocr_par' dir='ltr' id='par_1_26' title="bbox 1858 856 3436 929">
     <span class='ocr_line' id='line_1_26' title="bbox 1858 856 3436 929; baseline 0.006 -19"><span class='ocrx_word' id='word_1_173' title='bbox 1858 856 2142 911; x_wconf 89' lang='lat' dir='ltr'><strong>hominum</strong></span> <span class='ocrx_word' id='word_1_174' title='bbox 2166 864 2382 911; x_wconf 65' lang='lat' dir='ltr'><strong>aetatem</strong></span> <span class='ocrx_word' id='word_1_175' title='bbox 2435 858 2705 921; x_wconf 89' lang='lat' dir='ltr'><strong>destituit,</strong></span> <span class='ocrx_word' id='word_1_176' title='bbox 2756 868 2809 913; x_wconf 90' lang='lat' dir='ltr'><strong>et</strong></span> <span class='ocrx_word' id='word_1_177' title='bbox 2846 874 2877 912; x_wconf 91' lang='lat' dir='ltr'><strong>a</strong></span> <span class='ocrx_word' id='word_1_178' title='bbox 2933 862 3172 929; x_wconf 87' lang='lat' dir='ltr'><strong>posteris</strong></span> <span class='ocrx_word' id='word_1_179' title='bbox 3210 861 3314 917; x_wconf 79' lang='lat' dir='ltr'><strong>fuit</strong></span> <span class='ocrx_word' id='word_1_180' title='bbox 3347 879 3436 919; x_wconf 83' lang='lat' dir='ltr'><strong>se-</strong></span> 
     </span>
    </p>
   </div>
   <div class='ocr_carea' id='block_1_27' title="bbox 1852 947 3440 1023">
    <p class='ocr_par' dir='ltr' id='par_1_27' title="bbox 1852 947 3440 1023">
     <span class='ocr_line' id='line_1_27' title="bbox 1852 947 3440 1023; baseline 0.007 -23"><span class='ocrx_word' id='word_1_181' title='bbox 1852 947 2131 1017; x_wconf 89' lang='lat' dir='ltr'><strong>junetum.</strong></span> <span class='ocrx_word' id='word_1_182' title='bbox 2166 948 2425 1003; x_wconf 88' lang='lat' dir='ltr'><strong>lndenam</strong></span> <span class='ocrx_word' id='word_1_183' title='bbox 2471 965 2604 1022; x_wconf 89' lang='lat' dir='ltr'><strong>ergo</strong></span> <span class='ocrx_word' id='word_1_184' title='bbox 2646 966 2713 1005; x_wconf 92' lang='lat' dir='ltr'><strong>ne</strong></span> <span class='ocrx_word' id='word_1_185' title='bbox 2764 950 2875 1006; x_wconf 91' lang='lat' dir='ltr'><strong>dici</strong></span> <span class='ocrx_word' id='word_1_186' title='bbox 2939 953 3160 1023; x_wconf 88' lang='lat' dir='ltr'><strong>quidem</strong></span> <span class='ocrx_word' id='word_1_187' title='bbox 3209 955 3440 1011; x_wconf 84' lang='lat' dir='ltr'><strong>honeste</strong></span> 
     </span>
    </p>
   </div>
   <div class='ocr_carea' id='block_1_28' title="bbox 1858 1040 3437 1116">
    <p class='ocr_par' dir='ltr' id='par_1_28' title="bbox 1858 1040 3437 1116">
     <span class='ocr_line' id='line_1_28' title="bbox 1858 1040 3437 1116; baseline 0.006 -25"><span class='ocrx_word' id='word_1_188' title='bbox 1858 1047 2045 1109; x_wconf 84' lang='lat' dir='ltr'><strong>queat,</strong></span> <span class='ocrx_word' id='word_1_189' title='bbox 2071 1055 2180 1109; x_wconf 90' lang='lat' dir='ltr'><strong>quo</strong></span> <span class='ocrx_word' id='word_1_190' title='bbox 2212 1040 2376 1094; x_wconf 81' lang='lat' dir='ltr'><strong>modo</strong></span> <span class='ocrx_word' id='word_1_191' title='bbox 2404 1056 2490 1095; x_wconf 88' lang='lat' dir='ltr'><strong>res</strong></span> <span class='ocrx_word' id='word_1_192' title='bbox 2522 1042 2777 1096; x_wconf 74' lang='lat' dir='ltr'><strong>humana:</strong></span> <span class='ocrx_word' id='word_1_193' title='bbox 2800 1058 2859 1098; x_wconf 89' lang='lat' dir='ltr'><strong>se</strong></span> <span class='ocrx_word' id='word_1_194' title='bbox 2884 1043 3140 1098; x_wconf 81' lang='lat' dir='ltr'><strong>habeant.</strong></span> <span class='ocrx_word' id='word_1_195' title='bbox 3180 1044 3437 1116; x_wconf 75' lang='lat' dir='ltr'><strong>Nunquid</strong></span> 
     </span>
    </p>
   </div>
   <div class='ocr_carea' id='block_1_29' title="bbox 1858 1133 3438 1202">
    <p class='ocr_par' dir='ltr' id='par_1_29' title="bbox 1858 1133 3438 1202">
     <span class='ocr_line' id='line_1_29' title="bbox 1858 1133 3438 1202; baseline 0.007 -21"><span class='ocrx_word' id='word_1_196' title='bbox 1858 1144 1987 1183; x_wconf 86' lang='lat' dir='ltr'><strong>vero</strong></span> <span class='ocrx_word' id='word_1_197' title='bbox 2039 1146 2106 1184; x_wconf 83' lang='lat' dir='ltr'><strong>ex</strong></span> <span class='ocrx_word' id='word_1_198' title='bbox 2163 1146 2229 1185; x_wconf 92' lang='lat' dir='ltr'><strong>eo</strong></span> <span class='ocrx_word' id='word_1_199' title='bbox 2291 1134 2434 1202; x_wconf 90' lang='lat' dir='ltr'><strong>quod</strong></span> <span class='ocrx_word' id='word_1_200' title='bbox 2488 1133 2602 1185; x_wconf 82' lang='lat' dir='ltr'><strong>ha-c</strong></span> <span class='ocrx_word' id='word_1_201' title='bbox 2655 1143 2709 1188; x_wconf 89' lang='lat' dir='ltr'><strong>et</strong></span> <span class='ocrx_word' id='word_1_202' title='bbox 2763 1135 2870 1188; x_wconf 85' lang='lat' dir='ltr'><strong>alia</strong></span> <span class='ocrx_word' id='word_1_203' title='bbox 2918 1152 3020 1191; x_wconf 86' lang='lat' dir='ltr'><strong>nos</strong></span> <span class='ocrx_word' id='word_1_204' title='bbox 3075 1138 3438 1194; x_wconf 87' lang='lat' dir='ltr'><strong>deseruerunt</strong></span> 
     </span>
    </p>
   </div>
   <div class='ocr_carea' id='block_1_30' title="bbox 1856 1222 3439 1301">
    <p class='ocr_par' dir='ltr' id='par_1_30' title="bbox 1856 1222 3439 1301">
     <span class='ocr_line' id='line_1_30' title="bbox 1856 1222 3439 1301; baseline 0.005 -22"><span class='ocrx_word' id='word_1_205' title='bbox 1856 1224 2045 1279; x_wconf 87' lang='lat' dir='ltr'><strong>bona?</strong></span> <span class='ocrx_word' id='word_1_206' title='bbox 2087 1222 2247 1277; x_wconf 83' lang='lat' dir='ltr'><strong>Nulla</strong></span> <span class='ocrx_word' id='word_1_207' title='bbox 2288 1224 2561 1294; x_wconf 82' lang='lat' dir='ltr'><strong>siquidem</strong></span> <span class='ocrx_word' id='word_1_208' title='bbox 2601 1227 2834 1282; x_wconf 81' lang='lat' dir='ltr'><strong>urbibus</strong></span> <span class='ocrx_word' id='word_1_209' title='bbox 2881 1230 3203 1300; x_wconf 80' lang='lat' dir='ltr'><strong>contingere</strong></span> <span class='ocrx_word' id='word_1_210' title='bbox 3256 1242 3439 1301; x_wconf 83' lang='lat' dir='ltr'><strong>petest</strong></span> 
     </span>
    </p>
   </div>
   <div class='ocr_carea' id='block_1_31' title="bbox 1856 1317 3437 1388">
    <p class='ocr_par' dir='ltr' id='par_1_31' title="bbox 1856 1317 3437 1388">
     <span class='ocr_line' id='line_1_31' title="bbox 1856 1317 3437 1388; baseline 0.005 -18"><span class='ocrx_word' id='word_1_211' title='bbox 1856 1317 2078 1388; x_wconf 81' lang='lat' dir='ltr'><strong>gravior</strong></span> <span class='ocrx_word' id='word_1_212' title='bbox 2113 1318 2423 1381; x_wconf 87' lang='lat' dir='ltr'><strong>calamitas,</strong></span> <span class='ocrx_word' id='word_1_213' title='bbox 2456 1334 2622 1387; x_wconf 89' lang='lat' dir='ltr'><strong>quam</strong></span> <span class='ocrx_word' id='word_1_214' title='bbox 2660 1319 2708 1373; x_wconf 90' lang='lat' dir='ltr'><strong>si</strong></span> <span class='ocrx_word' id='word_1_215' title='bbox 2751 1320 2920 1374; x_wconf 90' lang='lat' dir='ltr'><strong>robur</strong></span> <span class='ocrx_word' id='word_1_216' title='bbox 2954 1322 3189 1375; x_wconf 82' lang='lat' dir='ltr'><strong>habeant</strong></span> <span class='ocrx_word' id='word_1_217' title='bbox 3238 1328 3437 1378; x_wconf 87' lang='lat' dir='ltr'><strong>mentis</strong></span> 
     </span>
    </p>
   </div>
   <div class='ocr_carea' id='block_1_32' title="bbox 1856 1410 3438 1485">
    <p class='ocr_par' dir='ltr' id='par_1_32' title="bbox 1856 1410 3438 1485">
     <span class='ocr_line' id='line_1_32' title="bbox 1856 1410 3438 1485; baseline 0.004 -21"><span class='ocrx_word' id='word_1_218' title='bbox 1856 1412 2016 1480; x_wconf 85' lang='lat' dir='ltr'><strong>inops</strong></span> <span class='ocrx_word' id='word_1_219' title='bbox 2064 1418 2117 1464; x_wconf 90' lang='lat' dir='ltr'><strong>et</strong></span> <span class='ocrx_word' id='word_1_220' title='bbox 2153 1410 2498 1479; x_wconf 85' lang='lat' dir='ltr'><strong>prudentiam</strong></span> <span class='ocrx_word' id='word_1_221' title='bbox 2550 1413 2669 1465; x_wconf 90' lang='lat' dir='ltr'><strong>sine</strong></span> <span class='ocrx_word' id='word_1_222' title='bbox 2723 1412 2954 1466; x_wconf 87' lang='lat' dir='ltr'><strong>viribus.</strong></span> <span class='ocrx_word' id='word_1_223' title='bbox 3008 1416 3078 1467; x_wconf 85' lang='lat' dir='ltr'><strong>At</strong></span> <span class='ocrx_word' id='word_1_224' title='bbox 3122 1415 3271 1468; x_wconf 89' lang='lat' dir='ltr'><strong>enim</strong></span> <span class='ocrx_word' id='word_1_225' title='bbox 3323 1416 3438 1485; x_wconf 90' lang='lat' dir='ltr'><strong>ipse</strong></span> 
     </span>
    </p>
   </div>
   <div class='ocr_carea' id='block_1_33' title="bbox 1855 1503 3440 1574">
    <p class='ocr_par' dir='ltr' id='par_1_33' title="bbox 1855 1503 3440 1574">
     <span class='ocr_line' id='line_1_33' title="bbox 1855 1503 3440 1574; baseline 0.004 -17"><span class='ocrx_word' id='word_1_226' title='bbox 1855 1503 1963 1557; x_wconf 87' lang='lat' dir='ltr'><strong>hoc</strong></span> <span class='ocrx_word' id='word_1_227' title='bbox 1988 1517 2282 1574; x_wconf 78' lang='lat' dir='ltr'><strong>aggressus</strong></span> <span class='ocrx_word' id='word_1_228' title='bbox 2317 1503 2539 1565; x_wconf 86' lang='lat' dir='ltr'><strong>videris,</strong></span> <span class='ocrx_word' id='word_1_229' title='bbox 2572 1511 2633 1556; x_wconf 93' lang='lat' dir='ltr'><strong>ut</strong></span> <span class='ocrx_word' id='word_1_230' title='bbox 2661 1505 2915 1573; x_wconf 87' lang='lat' dir='ltr'><strong>copulam</strong></span> <span class='ocrx_word' id='word_1_231' title='bbox 2960 1505 3099 1559; x_wconf 91' lang='lat' dir='ltr'><strong>hanc</strong></span> <span class='ocrx_word' id='word_1_232' title='bbox 3123 1507 3189 1560; x_wconf 88' lang='lat' dir='ltr'><strong>ad</strong></span> <span class='ocrx_word' id='word_1_233' title='bbox 3219 1521 3320 1563; x_wconf 91' lang='lat' dir='ltr'><strong>nos</strong></span> <span class='ocrx_word' id='word_1_234' title='bbox 3353 1524 3440 1563; x_wconf 59' lang='lat' dir='ltr'><strong>reo</strong></span> 
     </span>
    </p>
   </div>
   <div class='ocr_carea' id='block_1_34' title="bbox 1856 1594 3435 1666">
    <p class='ocr_par' dir='ltr' id='par_1_34' title="bbox 1856 1594 3435 1666">
     <span class='ocr_line' id='line_1_34' title="bbox 1856 1594 3435 1666; baseline 0.003 -16"><span class='ocrx_word' id='word_1_235' title='bbox 1856 1611 2042 1651; x_wconf 86' lang='lat' dir='ltr'><strong>voces.</strong></span> <span class='ocrx_word' id='word_1_236' title='bbox 2081 1594 2210 1647; x_wconf 84' lang='lat' dir='ltr'><strong>Nam</strong></span> <span class='ocrx_word' id='word_1_237' title='bbox 2245 1602 2297 1649; x_wconf 86' lang='lat' dir='ltr'><strong>et</strong></span> <span class='ocrx_word' id='word_1_238' title='bbox 2350 1595 2565 1665; x_wconf 88' lang='lat' dir='ltr'><strong>publica</strong></span> <span class='ocrx_word' id='word_1_239' title='bbox 2598 1597 2814 1666; x_wconf 86' lang='lat' dir='ltr'><strong>negotia</strong></span> <span class='ocrx_word' id='word_1_240' title='bbox 2849 1597 2945 1651; x_wconf 88' lang='lat' dir='ltr'><strong>tibi</strong></span> <span class='ocrx_word' id='word_1_241' title='bbox 2993 1601 3435 1665; x_wconf 87' lang='lat' dir='ltr'><strong>committuntur,</strong></span> 
     </span>
    </p>
   </div>
   <div class='ocr_carea' id='block_1_35' title="bbox 1857 1686 3433 1756">
    <p class='ocr_par' dir='ltr' id='par_1_35' title="bbox 1857 1686 3433 1756">
     <span class='ocr_line' id='line_1_35' title="bbox 1857 1686 3433 1756; baseline 0.004 -16"><span class='ocrx_word' id='word_1_242' title='bbox 1857 1696 1912 1741; x_wconf 93' lang='lat' dir='ltr'><strong>ct</strong></span> <span class='ocrx_word' id='word_1_243' title='bbox 1961 1686 2320 1756; x_wconf 79' lang='lat' dir='ltr'><strong>philosophia:</strong></span> <span class='ocrx_word' id='word_1_244' title='bbox 2370 1701 2593 1755; x_wconf 84' lang='lat' dir='ltr'><strong>operam</strong></span> <span class='ocrx_word' id='word_1_245' title='bbox 2652 1686 2891 1741; x_wconf 86' lang='lat' dir='ltr'><strong>dandam</strong></span> <span class='ocrx_word' id='word_1_246' title='bbox 2946 1704 3072 1744; x_wconf 85' lang='lat' dir='ltr'><strong>esse</strong></span> <span class='ocrx_word' id='word_1_247' title='bbox 3121 1692 3433 1747; x_wconf 80' lang='lat' dir='ltr'><strong>existimas.</strong></span> 
     </span>
    </p>
   </div>
   <div class='ocr_carea' id='block_1_36' title="bbox 1859 1778 3434 1850">
    <p class='ocr_par' dir='ltr' id='par_1_36' title="bbox 1859 1778 3434 1850">
     <span class='ocr_line' id='line_1_36' title="bbox 1859 1778 3434 1850; baseline 0.004 -17"><span class='ocrx_word' id='word_1_248' title='bbox 1859 1778 1973 1834; x_wconf 77' lang='lat' dir='ltr'><strong>Hac</strong></span> <span class='ocrx_word' id='word_1_249' title='bbox 2012 1796 2192 1850; x_wconf 87' lang='lat' dir='ltr'><strong>perge,</strong></span> <span class='ocrx_word' id='word_1_250' title='bbox 2238 1788 2414 1833; x_wconf 88' lang='lat' dir='ltr'><strong>macte</strong></span> <span class='ocrx_word' id='word_1_251' title='bbox 2453 1780 2659 1845; x_wconf 87' lang='lat' dir='ltr'><strong>animo,</strong></span> <span class='ocrx_word' id='word_1_252' title='bbox 2710 1788 2767 1833; x_wconf 92' lang='lat' dir='ltr'><strong>ut</strong></span> <span class='ocrx_word' id='word_1_253' title='bbox 2826 1782 3118 1850; x_wconf 86' lang='lat' dir='ltr'><strong>pulchrum</strong></span> <span class='ocrx_word' id='word_1_254' title='bbox 3157 1794 3434 1839; x_wconf 87' lang='lat' dir='ltr'><strong>certamen</strong></span> 
     </span>
    </p>
   </div>
   <div class='ocr_carea' id='block_1_37' title="bbox 1858 1872 3437 1945">
    <p class='ocr_par' dir='ltr' id='par_1_37' title="bbox 1858 1872 3437 1945">
     <span class='ocr_line' id='line_1_37' title="bbox 1858 1872 3437 1945; baseline 0.002 -18"><span class='ocrx_word' id='word_1_255' title='bbox 1858 1889 1957 1944; x_wconf 88' lang='lat' dir='ltr'><strong>pro</strong></span> <span class='ocrx_word' id='word_1_256' title='bbox 1996 1874 2157 1927; x_wconf 86' lang='lat' dir='ltr'><strong>nobis</strong></span> <span class='ocrx_word' id='word_1_257' title='bbox 2196 1886 2250 1926; x_wconf 84' lang='lat' dir='ltr'><strong>et</strong></span> <span class='ocrx_word' id='word_1_258' title='bbox 2308 1888 2406 1942; x_wconf 87' lang='lat' dir='ltr'><strong>pro</strong></span> <span class='ocrx_word' id='word_1_259' title='bbox 2442 1872 2610 1928; x_wconf 75' lang='lat' dir='ltr'><strong>Musis</strong></span> <span class='ocrx_word' id='word_1_260' title='bbox 2644 1873 2917 1937; x_wconf 83' lang='lat' dir='ltr'><strong>decertcs,</strong></span> <span class='ocrx_word' id='word_1_261' title='bbox 2963 1890 3033 1929; x_wconf 92' lang='lat' dir='ltr'><strong>ne</strong></span> <span class='ocrx_word' id='word_1_262' title='bbox 3074 1875 3200 1945; x_wconf 85' lang='lat' dir='ltr'><strong>quis</strong></span> <span class='ocrx_word' id='word_1_263' title='bbox 3243 1876 3343 1930; x_wconf 88' lang='lat' dir='ltr'><strong>has</strong></span> <span class='ocrx_word' id='word_1_264' title='bbox 3377 1884 3437 1939; x_wconf 75' lang='lat' dir='ltr'><strong>ut</strong></span> 
     </span>
    </p>
   </div>
   <div class='ocr_carea' id='block_1_38' title="bbox 170 1958 1754 2037">
    <p class='ocr_par' dir='ltr' id='par_1_38' title="bbox 170 1959 1752 2036">
     <span class='ocr_line' id='line_1_38' title="bbox 170 1959 1752 2036; baseline 0.005 -26"><span class='ocrx_word' id='word_1_265' title='bbox 170 1959 426 2030; x_wconf 75' lang='grc' dir='ltr'>ὑπαίθρῳ</span> <span class='ocrx_word' id='word_1_266' title='bbox 473 1961 731 2031; x_wconf 81' lang='grc' dir='ltr'>πράξεις,</span> <span class='ocrx_word' id='word_1_267' title='bbox 782 1962 997 2032; x_wconf 74' lang='grc' dir='ltr'>κομψάς</span> <span class='ocrx_word' id='word_1_268' title='bbox 1040 1963 1095 2016; x_wconf 83' lang='grc' dir='ltr'>δὲ</span> <span class='ocrx_word' id='word_1_269' title='bbox 1134 1964 1442 2036; x_wconf 78' lang='grc' dir='ltr'>παιδαρίοις</span> <span class='ocrx_word' id='word_1_270' title='bbox 1475 1965 1752 2036; x_wconf 86' lang='grc' dir='ltr'>προσαθύ-</span> 
     </span>
    </p>
   </div>
   <div class='ocr_carea' id='block_1_39' title="bbox 1857 1958 3430 2037">
    <p class='ocr_par' dir='ltr' id='par_1_39' title="bbox 1858 1965 3430 2037">
     <span class='ocr_line' id='line_1_39' title="bbox 1858 1965 3430 2037; baseline 0.003 -19"><span class='ocrx_word' id='word_1_271' title='bbox 1858 1980 2050 2031; x_wconf 85' lang='lat' dir='ltr'><strong>vanas,</strong></span> <span class='ocrx_word' id='word_1_272' title='bbox 2086 1965 2394 2020; x_wconf 84' lang='lat' dir='ltr'><strong>inellieaccs</strong></span> <span class='ocrx_word' id='word_1_273' title='bbox 2437 1973 2491 2019; x_wconf 86' lang='lat' dir='ltr'><strong>et</strong></span> <span class='ocrx_word' id='word_1_274' title='bbox 2541 1981 2783 2029; x_wconf 88' lang='lat' dir='ltr'><strong>maneas,</strong></span> <span class='ocrx_word' id='word_1_275' title='bbox 2824 1966 2944 2021; x_wconf 78' lang='lat' dir='ltr'><strong>foro</strong></span> <span class='ocrx_word' id='word_1_276' title='bbox 3002 1967 3309 2037; x_wconf 88' lang='lat' dir='ltr'><strong>militiaque</strong></span> <span class='ocrx_word' id='word_1_277' title='bbox 3337 1984 3430 2022; x_wconf 83' lang='lat' dir='ltr'><strong>ex-</strong></span> 
     </span>
    </p>
   </div>
   <div class='ocr_carea' id='block_1_40' title="bbox 169 2052 1754 2126">
    <p class='ocr_par' dir='ltr' id='par_1_40' title="bbox 169 2052 1754 2126">
     <span class='ocr_line' id='line_1_40' title="bbox 169 2052 1754 2126; baseline 0.004 -25"><span class='ocrx_word' id='word_1_278' title='bbox 169 2066 290 2120; x_wconf 84' lang='grc' dir='ltr'>ρειν</span> <span class='ocrx_word' id='word_1_279' title='bbox 328 2067 386 2103; x_wconf 92' lang='grc' dir='ltr'><strong>τε</strong></span> <span class='ocrx_word' id='word_1_280' title='bbox 414 2052 506 2103; x_wconf 74' lang='grc' dir='ltr'><strong>καὶ</strong></span> <span class='ocrx_word' id='word_1_281' title='bbox 547 2052 978 2122; x_wconf 86' lang='grc' dir='ltr'>στωμυλλεσθαι.</span> <span class='ocrx_word' id='word_1_282' title='bbox 1013 2054 1121 2106; x_wconf 74' lang='grc' dir='ltr'><strong>Καὶ</strong></span> <span class='ocrx_word' id='word_1_283' title='bbox 1166 2056 1313 2125; x_wconf 82' lang='grc' dir='ltr'>ἡμᾶς</span> <span class='ocrx_word' id='word_1_284' title='bbox 1359 2072 1441 2109; x_wconf 91' lang='grc' dir='ltr'><strong>σοι</strong></span> <span class='ocrx_word' id='word_1_285' title='bbox 1485 2057 1754 2126; x_wconf 85' lang='grc' dir='ltr'>προσήκει</span> 
     </span>
    </p>
   </div>
   <div class='ocr_carea' id='block_1_41' title="bbox 168 2142 1757 2217">
    <p class='ocr_par' dir='ltr' id='par_1_41' title="bbox 168 2142 1757 2217">
     <span class='ocr_line' id='line_1_41' title="bbox 168 2142 1757 2217; baseline 0.006 -25"><span class='ocrx_word' id='word_1_286' title='bbox 168 2143 330 2212; x_wconf 82' lang='grc' dir='ltr'>χεῖρα</span> <span class='ocrx_word' id='word_1_287' title='bbox 360 2142 576 2213; x_wconf 80' lang='grc' dir='ltr'>ὀρέγειν</span> <span class='ocrx_word' id='word_1_288' title='bbox 625 2143 921 2208; x_wconf 80' lang='grc' dir='ltr'>ἑκάστους,</span> <span class='ocrx_word' id='word_1_289' title='bbox 962 2146 1059 2215; x_wconf 83' lang='grc' dir='ltr'>ὅση</span> <span class='ocrx_word' id='word_1_290' title='bbox 1089 2145 1336 2215; x_wconf 88' lang='grc' dir='ltr'>δύναμις.</span> <span class='ocrx_word' id='word_1_291' title='bbox 1369 2146 1524 2200; x_wconf 77' lang='grc' dir='ltr'>Οὕτω</span> <span class='ocrx_word' id='word_1_292' title='bbox 1549 2146 1657 2217; x_wconf 82' lang='grc' dir='ltr'><strong>γάρ</strong></span> <span class='ocrx_word' id='word_1_293' title='bbox 1690 2147 1757 2201; x_wconf 83' lang='grc' dir='ltr'>ἂν</span> 
     </span>
    </p>
   </div>
   <div class='ocr_carea' id='block_1_42' title="bbox 170 2232 1755 2307">
    <p class='ocr_par' dir='ltr' id='par_1_42' title="bbox 170 2232 1755 2307">
     <span class='ocr_line' id='line_1_42' title="bbox 170 2232 1755 2307; baseline 0.002 -22"><span class='ocrx_word' id='word_1_294' title='bbox 170 2232 242 2285; x_wconf 87' lang='grc' dir='ltr'><strong>σύ</strong></span> <span class='ocrx_word' id='word_1_295' title='bbox 288 2251 348 2286; x_wconf 87' lang='grc' dir='ltr'><strong>τε</strong></span> <span class='ocrx_word' id='word_1_296' title='bbox 396 2235 836 2305; x_wconf 79' lang='grc' dir='ltr'>ἀπειργασμένος</span> <span class='ocrx_word' id='word_1_297' title='bbox 872 2237 988 2306; x_wconf 82' lang='grc' dir='ltr'>εἴης</span> <span class='ocrx_word' id='word_1_298' title='bbox 1024 2236 1123 2305; x_wconf 85' lang='grc' dir='ltr'><strong>ούχ</strong></span> <span class='ocrx_word' id='word_1_299' title='bbox 1152 2236 1412 2307; x_wconf 76' lang='grc' dir='ltr'>ήμιτελής</span> <span class='ocrx_word' id='word_1_300' title='bbox 1444 2238 1605 2306; x_wconf 81' lang='grc' dir='ltr'>σοφὸς</span> <span class='ocrx_word' id='word_1_301' title='bbox 1634 2236 1755 2291; x_wconf 77' lang='grc' dir='ltr'>οὐδὲ</span> 
     </span>
    </p>
   </div>
   <div class='ocr_carea' id='block_1_43' title="bbox 171 2324 1755 2399">
    <p class='ocr_par' dir='ltr' id='par_1_43' title="bbox 171 2324 1755 2399">
     <span class='ocr_line' id='line_1_43' title="bbox 171 2324 1755 2399; baseline 0.003 -22"><span class='ocrx_word' id='word_1_302' title='bbox 171 2324 418 2390; x_wconf 69' lang='grc' dir='ltr'>κολοϐὸς,</span> <span class='ocrx_word' id='word_1_303' title='bbox 450 2326 540 2377; x_wconf 81' lang='grc' dir='ltr'><strong>ἐπὶ</strong></span> <span class='ocrx_word' id='word_1_304' title='bbox 577 2325 751 2396; x_wconf 85' lang='grc' dir='ltr'>μόνης</span> <span class='ocrx_word' id='word_1_305' title='bbox 786 2325 1077 2397; x_wconf 77' lang='grc' dir='ltr'>ὀχούμενος</span> <span class='ocrx_word' id='word_1_306' title='bbox 1113 2328 1213 2395; x_wconf 78' lang='grc' dir='ltr'>τῆς</span> <span class='ocrx_word' id='word_1_307' title='bbox 1249 2332 1485 2399; x_wconf 81' lang='grc' dir='ltr'>φυσικῆς</span> <span class='ocrx_word' id='word_1_308' title='bbox 1520 2330 1755 2399; x_wconf 83' lang='grc' dir='ltr'>ὑποσχέ-</span> 
     </span>
    </p>
   </div>
   <div class='ocr_carea' id='block_1_44' title="bbox 172 2418 1757 2491">
    <p class='ocr_par' dir='ltr' id='par_1_44' title="bbox 172 2418 1757 2491">
     <span class='ocr_line' id='line_1_44' title="bbox 172 2418 1757 2491; baseline 0.001 -20"><span class='ocrx_word' id='word_1_309' title='bbox 172 2434 313 2481; x_wconf 86' lang='grc' dir='ltr'>σεως</span> <span class='ocrx_word' id='word_1_310' title='bbox 337 2435 353 2448; x_wconf 86' lang='grc'><strong>·</strong></span> <span class='ocrx_word' id='word_1_311' title='bbox 384 2421 451 2489; x_wconf 84' lang='grc' dir='ltr'>τῇ</span> <span class='ocrx_word' id='word_1_312' title='bbox 491 2436 549 2471; x_wconf 90' lang='grc' dir='ltr'><strong>τε</strong></span> <span class='ocrx_word' id='word_1_313' title='bbox 586 2418 829 2490; x_wconf 69' lang='grc' dir='ltr'>πολιτείᾳ</span> <span class='ocrx_word' id='word_1_314' title='bbox 860 2419 1042 2482; x_wconf 88' lang='grc' dir='ltr'>καλῶς</span> <span class='ocrx_word' id='word_1_315' title='bbox 1071 2419 1135 2473; x_wconf 85' lang='grc' dir='ltr'>ἂν</span> <span class='ocrx_word' id='word_1_316' title='bbox 1176 2420 1287 2491; x_wconf 77' lang='grc' dir='ltr'>ἔχοι</span> <span class='ocrx_word' id='word_1_317' title='bbox 1318 2421 1466 2489; x_wconf 82' lang='grc' dir='ltr'>παρὰ</span> <span class='ocrx_word' id='word_1_318' title='bbox 1503 2420 1757 2473; x_wconf 85' lang='grc' dir='ltr'>τοιούτων</span> 
     </span>
    </p>
   </div>
   <div class='ocr_carea' id='block_1_45' title="bbox 170 2508 1759 2581">
    <p class='ocr_par' dir='ltr' id='par_1_45' title="bbox 170 2508 1759 2581">
     <span class='ocr_line' id='line_1_45' title="bbox 170 2508 1759 2581; baseline 0.003 -21"><span class='ocrx_word' id='word_1_319' title='bbox 170 2508 667 2579; x_wconf 80' lang='grc' dir='ltr'>ἐπιτροπεύεσθαι,</span> <span class='ocrx_word' id='word_1_320' title='bbox 704 2512 796 2563; x_wconf 69' lang='grc' dir='ltr'><strong>καὶ</strong></span> <span class='ocrx_word' id='word_1_321' title='bbox 835 2512 997 2580; x_wconf 83' lang='grc' dir='ltr'>ἡμεῖς</span> <span class='ocrx_word' id='word_1_322' title='bbox 1034 2510 1358 2581; x_wconf 83' lang='grc' dir='ltr'>ὀνησόμεθα,</span> <span class='ocrx_word' id='word_1_323' title='bbox 1386 2512 1550 2581; x_wconf 76' lang='grc' dir='ltr'>τιμὴν</span> <span class='ocrx_word' id='word_1_324' title='bbox 1580 2511 1637 2576; x_wconf 80' lang='grc' dir='ltr'>ἐξ</span> <span class='ocrx_word' id='word_1_325' title='bbox 1664 2512 1759 2564; x_wconf 69' lang='grc' dir='ltr'>ἀνα</span> 
     </span>
    </p>
   </div>
   <div class='ocr_carea' id='block_1_46' title="bbox 173 2598 1756 2672">
    <p class='ocr_par' dir='ltr' id='par_1_46' title="bbox 173 2598 1756 2672">
     <span class='ocr_line' id='line_1_46' title="bbox 173 2598 1756 2672; baseline 0.001 -21"><span class='ocrx_word' id='word_1_326' title='bbox 173 2598 410 2669; x_wconf 86' lang='grc' dir='ltr'>θρώπων</span> <span class='ocrx_word' id='word_1_327' title='bbox 437 2600 723 2671; x_wconf 74' lang='grc' dir='ltr'>φιλοσοφίᾳ</span> <span class='ocrx_word' id='word_1_328' title='bbox 749 2601 1185 2672; x_wconf 80' lang='grc' dir='ltr'>μνηστεύσαντες</span> <span class='ocrx_word' id='word_1_329' title='bbox 1218 2602 1358 2672; x_wconf 81' lang='grc' dir='ltr'><strong>μετά</strong></span> <span class='ocrx_word' id='word_1_330' title='bbox 1380 2602 1471 2654; x_wconf 82' lang='grc' dir='ltr'>τοῦ</span> <span class='ocrx_word' id='word_1_331' title='bbox 1497 2601 1676 2671; x_wconf 84' lang='grc' dir='ltr'>μένειν</span> <span class='ocrx_word' id='word_1_332' title='bbox 1700 2603 1756 2653; x_wconf 78' lang='grc' dir='ltr'><strong>ἐν</strong></span> 
     </span>
    </p>
   </div>
   <div class='ocr_carea' id='block_1_47' title="bbox 171 2690 1756 2762">
    <p class='ocr_par' dir='ltr' id='par_1_47' title="bbox 171 2690 1756 2762">
     <span class='ocr_line' id='line_1_47' title="bbox 171 2690 1756 2762; baseline 0.001 -19"><span class='ocrx_word' id='word_1_333' title='bbox 171 2690 332 2759; x_wconf 62' lang='grc' dir='ltr'>ἤθεσι</span> <span class='ocrx_word' id='word_1_334' title='bbox 368 2692 686 2762; x_wconf 81' lang='grc' dir='ltr'>πρέπουσιν.</span> <span class='ocrx_word' id='word_1_335' title='bbox 724 2692 759 2743; x_wconf 88' lang='grc' dir='ltr'><strong>Γ</strong></span> <span class='ocrx_word' id='word_1_336' title='bbox 763 2693 935 2745; x_wconf 88' lang='grc' dir='ltr'>ένοιτο</span> <span class='ocrx_word' id='word_1_337' title='bbox 973 2692 1083 2762; x_wconf 79' lang='grc' dir='ltr'><strong>γὰρ</strong></span> <span class='ocrx_word' id='word_1_338' title='bbox 1128 2692 1193 2745; x_wconf 79' lang='grc' dir='ltr'>ἂν</span> <span class='ocrx_word' id='word_1_339' title='bbox 1228 2692 1398 2755; x_wconf 78' lang='grc' dir='ltr'>οὕτως</span> <span class='ocrx_word' id='word_1_340' title='bbox 1450 2694 1600 2756; x_wconf 74' lang='grc' dir='ltr'>εἰκὸς</span> <span class='ocrx_word' id='word_1_341' title='bbox 1632 2695 1756 2746; x_wconf 84' lang='grc' dir='ltr'>τού-</span> 
     </span>
    </p>
   </div>
   <div class='ocr_carea' id='block_1_48' title="bbox 174 2784 1752 2858">
    <p class='ocr_par' dir='ltr' id='par_1_48' title="bbox 174 2784 1752 2858">
     <span class='ocr_line' id='line_1_48' title="bbox 174 2784 1752 2858; baseline 0.003 -22"><span class='ocrx_word' id='word_1_342' title='bbox 174 2784 389 2836; x_wconf 84' lang='grc' dir='ltr'>ναντίον</span> <span class='ocrx_word' id='word_1_343' title='bbox 436 2784 513 2853; x_wconf 84' lang='grc' dir='ltr'>τῷ</span> <span class='ocrx_word' id='word_1_344' title='bbox 554 2784 734 2855; x_wconf 83' lang='grc' dir='ltr'>μικρῷ</span> <span class='ocrx_word' id='word_1_345' title='bbox 782 2786 1017 2858; x_wconf 81' lang='grc' dir='ltr'>πρόσθεν</span> <span class='ocrx_word' id='word_1_346' title='bbox 1064 2787 1265 2851; x_wconf 85' lang='grc' dir='ltr'>εἰκότι,</span> <span class='ocrx_word' id='word_1_347' title='bbox 1314 2787 1401 2839; x_wconf 83' lang='grc' dir='ltr'>ὅτε</span> <span class='ocrx_word' id='word_1_348' title='bbox 1433 2789 1499 2858; x_wconf 77' lang='grc' dir='ltr'>τῇ</span> <span class='ocrx_word' id='word_1_349' title='bbox 1531 2787 1627 2857; x_wconf 85' lang='grc' dir='ltr'>μὲν</span> <span class='ocrx_word' id='word_1_350' title='bbox 1660 2787 1752 2840; x_wconf 77' lang='grc' dir='ltr'>τοῦ</span> 
     </span>
    </p>
   </div>
   <div class='ocr_carea' id='block_1_49' title="bbox 175 2875 1757 2948">
    <p class='ocr_par' dir='ltr' id='par_1_49' title="bbox 175 2875 1757 2948">
     <span class='ocr_line' id='line_1_49' title="bbox 175 2875 1757 2948; baseline 0.001 -19"><span class='ocrx_word' id='word_1_351' title='bbox 175 2876 414 2946; x_wconf 78' lang='grc' dir='ltr'>πλήθους</span> <span class='ocrx_word' id='word_1_352' title='bbox 445 2875 657 2947; x_wconf 76' lang='grc' dir='ltr'>ἀμαθία</span> <span class='ocrx_word' id='word_1_353' title='bbox 704 2878 765 2930; x_wconf 86' lang='grc' dir='ltr'><strong>τὸ</strong></span> <span class='ocrx_word' id='word_1_354' title='bbox 798 2878 1108 2947; x_wconf 80' lang='grc' dir='ltr'>σοφιστικὸν</span> <span class='ocrx_word' id='word_1_355' title='bbox 1157 2878 1322 2948; x_wconf 80' lang='grc' dir='ltr'>φῦλον</span> <span class='ocrx_word' id='word_1_356' title='bbox 1349 2878 1608 2947; x_wconf 78' lang='grc' dir='ltr'>ἐλέγομεν</span> <span class='ocrx_word' id='word_1_357' title='bbox 1637 2880 1757 2931; x_wconf 84' lang='grc' dir='ltr'>ἐπι-</span> 
     </span>
    </p>
   </div>
   <div class='ocr_carea' id='block_1_50' title="bbox 170 2968 1756 3041">
    <p class='ocr_par' dir='ltr' id='par_1_50' title="bbox 170 2968 1756 3041">
     <span class='ocr_line' id='line_1_50' title="bbox 170 2968 1756 3041; baseline 0 -18"><span class='ocrx_word' id='word_1_358' title='bbox 170 2970 420 3023; x_wconf 80' lang='grc' dir='ltr'>τίθεσθαι</span> <span class='ocrx_word' id='word_1_359' title='bbox 440 2987 452 2998; x_wconf 93' lang='grc'><strong>·</strong></span> <span class='ocrx_word' id='word_1_360' title='bbox 485 2972 548 3024; x_wconf 82' lang='grc' dir='ltr'><strong>ἐκ</strong></span> <span class='ocrx_word' id='word_1_361' title='bbox 578 2970 634 3022; x_wconf 82' lang='grc' dir='ltr'><strong>δέ</strong></span> <span class='ocrx_word' id='word_1_362' title='bbox 661 2968 870 3037; x_wconf 89' lang='grc' dir='ltr'>τούτου,</span> <span class='ocrx_word' id='word_1_363' title='bbox 909 2970 1223 3041; x_wconf 80' lang='grc' dir='ltr'>συμϐαίνειν</span> <span class='ocrx_word' id='word_1_364' title='bbox 1252 2970 1378 3031; x_wconf 82' lang='grc' dir='ltr'>τοὺς</span> <span class='ocrx_word' id='word_1_365' title='bbox 1418 2969 1631 3039; x_wconf 81' lang='grc' dir='ltr'>ἀληθεῖς</span> <span class='ocrx_word' id='word_1_366' title='bbox 1670 2987 1756 3037; x_wconf 80' lang='grc' dir='ltr'>φι-</span> 
     </span>
    </p>
   </div>
   <div class='ocr_carea' id='block_1_51' title="bbox 170 3061 1755 3134">
    <p class='ocr_par' dir='ltr' id='par_1_51' title="bbox 170 3061 1755 3134">
     <span class='ocr_line' id='line_1_51' title="bbox 170 3061 1755 3134; baseline -0.002 -16"><span class='ocrx_word' id='word_1_367' title='bbox 170 3064 429 3134; x_wconf 85' lang='grc' dir='ltr'>λοσοφίας</span> <span class='ocrx_word' id='word_1_368' title='bbox 478 3065 845 3134; x_wconf 87' lang='grc' dir='ltr'>συντρόφους,</span> <span class='ocrx_word' id='word_1_369' title='bbox 896 3063 1118 3117; x_wconf 81' lang='grc' dir='ltr'>ἔλαττον</span> <span class='ocrx_word' id='word_1_370' title='bbox 1164 3063 1306 3133; x_wconf 77' lang='grc' dir='ltr'>ἔχειν</span> <span class='ocrx_word' id='word_1_371' title='bbox 1334 3065 1410 3124; x_wconf 79' lang='grc' dir='ltr'><strong>είς</strong></span> <span class='ocrx_word' id='word_1_372' title='bbox 1448 3061 1603 3126; x_wconf 79' lang='grc' dir='ltr'>δόξαν</span> <span class='ocrx_word' id='word_1_373' title='bbox 1646 3062 1755 3115; x_wconf 87' lang='grc' dir='ltr'><strong>τῶν</strong></span> 
     </span>
    </p>
   </div>
   <div class='ocr_carea' id='block_1_52' title="bbox 175 3152 1754 3227">
    <p class='ocr_par' dir='ltr' id='par_1_52' title="bbox 175 3152 1754 3227">
     <span class='ocr_line' id='line_1_52' title="bbox 175 3152 1754 3227; baseline -0.004 -16"><span class='ocrx_word' id='word_1_374' title='bbox 175 3155 582 3227; x_wconf 77' lang='grc' dir='ltr'>ὑποσολιμαίων</span> <span class='ocrx_word' id='word_1_375' title='bbox 610 3160 705 3210; x_wconf 72' lang='grc' dir='ltr'><strong>καὶ</strong></span> <span class='ocrx_word' id='word_1_376' title='bbox 740 3155 1204 3226; x_wconf 82' lang='grc' dir='ltr'>παρεγγράπτων.</span> <span class='ocrx_word' id='word_1_377' title='bbox 1254 3152 1393 3205; x_wconf 85' lang='grc' dir='ltr'>Ἀλλ’</span> <span class='ocrx_word' id='word_1_378' title='bbox 1421 3153 1548 3206; x_wconf 82' lang='grc' dir='ltr'>ὅταν</span> <span class='ocrx_word' id='word_1_379' title='bbox 1577 3155 1626 3205; x_wconf 76' lang='lat' dir='ltr'><strong>oi</strong></span> <span class='ocrx_word' id='word_1_380' title='bbox 1657 3152 1754 3217; x_wconf 78' lang='grc' dir='ltr'>τὰς</span> 
     </span>
    </p>
   </div>
   <div class='ocr_carea' id='block_1_53' title="bbox 170 3228 1756 3318">
    <p class='ocr_par' dir='ltr' id='par_1_53' title="bbox 170 3228 1756 3318">
     <span class='ocr_line' id='line_1_53' title="bbox 170 3228 1756 3318; baseline -0.004 -17"><span class='ocrx_word' id='word_1_381' title='bbox 170 3247 350 3317; x_wconf 79' lang='grc' dir='ltr'>ἀρχὰς</span> <span class='ocrx_word' id='word_1_382' title='bbox 382 3228 666 3318; x_wconf 54' lang='grc' dir='ltr'>αρχοντες,</span> <span class='ocrx_word' id='word_1_383' title='bbox 716 3249 810 3300; x_wconf 76' lang='grc' dir='ltr'>καὶ</span> <span class='ocrx_word' id='word_1_384' title='bbox 853 3246 941 3299; x_wconf 89' lang='grc' dir='ltr'><strong>διά</strong></span> <span class='ocrx_word' id='word_1_385' title='bbox 981 3246 1163 3317; x_wconf 88' lang='grc' dir='ltr'>χειρὸς</span> <span class='ocrx_word' id='word_1_386' title='bbox 1195 3243 1407 3313; x_wconf 74' lang='grc' dir='ltr'>ἔχοντες</span> <span class='ocrx_word' id='word_1_387' title='bbox 1433 3243 1500 3295; x_wconf 76' lang='grc' dir='ltr'>τὰ</span> <span class='ocrx_word' id='word_1_388' title='bbox 1526 3243 1633 3296; x_wconf 86' lang='grc' dir='ltr'><strong>τῶν</strong></span> <span class='ocrx_word' id='word_1_389' title='bbox 1664 3244 1756 3295; x_wconf 78' lang='grc' dir='ltr'>πό-</span> 
     </span>
    </p>
   </div>
   <div class='ocr_carea' id='block_1_54' title="bbox 171 3331 1753 3409">
    <p class='ocr_par' dir='ltr' id='par_1_54' title="bbox 171 3331 1753 3409">
     <span class='ocr_line' id='line_1_54' title="bbox 171 3331 1753 3409; baseline 0 -20"><span class='ocrx_word' id='word_1_390' title='bbox 171 3338 312 3392; x_wconf 83' lang='grc' dir='ltr'>λεων</span> <span class='ocrx_word' id='word_1_391' title='bbox 352 3340 671 3409; x_wconf 84' lang='grc' dir='ltr'>πράγματα,</span> <span class='ocrx_word' id='word_1_392' title='bbox 711 3339 785 3409; x_wconf 77' lang='grc' dir='ltr'><strong>μή</strong></span> <span class='ocrx_word' id='word_1_393' title='bbox 814 3337 905 3391; x_wconf 79' lang='grc' dir='ltr'>τοῦ</span> <span class='ocrx_word' id='word_1_394' title='bbox 947 3337 1183 3407; x_wconf 83' lang='grc' dir='ltr'>πλήθους</span> <span class='ocrx_word' id='word_1_395' title='bbox 1218 3331 1373 3400; x_wconf 84' lang='grc' dir='ltr'>ὦσιν,</span> <span class='ocrx_word' id='word_1_396' title='bbox 1405 3337 1518 3389; x_wconf 85' lang='grc' dir='ltr'>ἀλλ’</span> <span class='ocrx_word' id='word_1_397' title='bbox 1557 3336 1753 3405; x_wconf 80' lang='grc' dir='ltr'>ἔχωσιν</span> 
     </span>
    </p>
   </div>
   <div class='ocr_carea' id='block_1_55' title="bbox 170 3426 1754 3500">
    <p class='ocr_par' dir='ltr' id='par_1_55' title="bbox 170 3426 1754 3500">
     <span class='ocr_line' id='line_1_55' title="bbox 170 3426 1754 3500; baseline -0.003 -19"><span class='ocrx_word' id='word_1_398' title='bbox 170 3429 321 3493; x_wconf 80' lang='grc' dir='ltr'>νοῦν,</span> <span class='ocrx_word' id='word_1_399' title='bbox 354 3431 491 3500; x_wconf 79' lang='grc' dir='ltr'>ταχὺ</span> <span class='ocrx_word' id='word_1_400' title='bbox 537 3428 925 3497; x_wconf 81' lang='grc' dir='ltr'>διαγνώσονται</span> <span class='ocrx_word' id='word_1_401' title='bbox 964 3429 1052 3481; x_wconf 78' lang='grc' dir='ltr'><strong>τὸν</strong></span> <span class='ocrx_word' id='word_1_402' title='bbox 1087 3428 1241 3481; x_wconf 84' lang='grc' dir='ltr'>νόθον</span> <span class='ocrx_word' id='word_1_403' title='bbox 1281 3444 1339 3480; x_wconf 88' lang='grc' dir='ltr'><strong>τε</strong></span> <span class='ocrx_word' id='word_1_404' title='bbox 1377 3428 1468 3479; x_wconf 72' lang='grc' dir='ltr'><strong>καὶ</strong></span> <span class='ocrx_word' id='word_1_405' title='bbox 1509 3426 1598 3479; x_wconf 84' lang='grc' dir='ltr'><strong>τὸν</strong></span> <span class='ocrx_word' id='word_1_406' title='bbox 1621 3427 1754 3495; x_wconf 88' lang='grc' dir='ltr'>γνή-</span> 
     </span>
    </p>
   </div>
   <div class='ocr_carea' id='block_1_56' title="bbox 169 3518 1753 3590">
    <p class='ocr_par' dir='ltr' id='par_1_56' title="bbox 169 3518 1753 3590">
     <span class='ocr_line' id='line_1_56' title="bbox 169 3518 1753 3590; baseline -0.006 -15"><span class='ocrx_word' id='word_1_407' title='bbox 169 3538 323 3575; x_wconf 82' lang='grc' dir='ltr'>σιον·</span> <span class='ocrx_word' id='word_1_408' title='bbox 360 3522 455 3576; x_wconf 76' lang='grc' dir='ltr'><strong>καὶ</strong></span> <span class='ocrx_word' id='word_1_409' title='bbox 501 3522 602 3575; x_wconf 78' lang='grc' dir='ltr'>οὐκ</span> <span class='ocrx_word' id='word_1_410' title='bbox 628 3518 702 3574; x_wconf 75' lang='grc' dir='ltr'><strong>ἔτ’</strong></span> <span class='ocrx_word' id='word_1_411' title='bbox 744 3520 808 3574; x_wconf 83' lang='grc' dir='ltr'><strong>ἂν</strong></span> <span class='ocrx_word' id='word_1_412' title='bbox 837 3520 1089 3590; x_wconf 82' lang='grc' dir='ltr'>χαλεπῶς</span> <span class='ocrx_word' id='word_1_413' title='bbox 1128 3522 1155 3572; x_wconf 93' lang='grc' dir='ltr'><strong>ὀ</strong></span> <span class='ocrx_word' id='word_1_414' title='bbox 1203 3519 1368 3588; x_wconf 78' lang='grc' dir='ltr'>δῆμος</span> <span class='ocrx_word' id='word_1_415' title='bbox 1400 3520 1498 3587; x_wconf 71' lang='grc' dir='ltr'><strong>τήν</strong></span> <span class='ocrx_word' id='word_1_416' title='bbox 1539 3518 1753 3588; x_wconf 80' lang='grc' dir='ltr'>ἀπάτην</span> 
     </span>
    </p>
   </div>
   <div class='ocr_carea' id='block_1_57' title="bbox 176 3610 1749 3685">
    <p class='ocr_par' dir='ltr' id='par_1_57' title="bbox 176 3610 1749 3685">
     <span class='ocr_line' id='line_1_57' title="bbox 176 3610 1749 3685; baseline -0.003 -18"><span class='ocrx_word' id='word_1_417' title='bbox 176 3613 639 3685; x_wconf 76' lang='grc' dir='ltr'>μεταδιδάσκοιτο.</span> <span class='ocrx_word' id='word_1_418' title='bbox 673 3614 750 3665; x_wconf 86' lang='grc' dir='ltr'><strong>Οὐ</strong></span> <span class='ocrx_word' id='word_1_419' title='bbox 791 3613 899 3683; x_wconf 82' lang='grc' dir='ltr'><strong>γάρ</strong></span> <span class='ocrx_word' id='word_1_420' title='bbox 950 3614 1122 3666; x_wconf 75' lang='grc' dir='ltr'>εἰπεῖν</span> <span class='ocrx_word' id='word_1_421' title='bbox 1158 3630 1209 3665; x_wconf 92' lang='grc' dir='ltr'><strong>τι</strong></span> <span class='ocrx_word' id='word_1_422' title='bbox 1246 3612 1327 3665; x_wconf 90' lang='grc' dir='ltr'><strong>δεῖ</strong></span> <span class='ocrx_word' id='word_1_423' title='bbox 1363 3611 1497 3681; x_wconf 79' lang='grc' dir='ltr'>πρὸς</span> <span class='ocrx_word' id='word_1_424' title='bbox 1532 3610 1749 3672; x_wconf 77' lang='grc' dir='ltr'>αὐτοὺς,</span> 
     </span>
    </p>
   </div>
   <div class='ocr_carea' id='block_1_58' title="bbox 166 3700 1754 3775">
    <p class='ocr_par' dir='ltr' id='par_1_58' title="bbox 166 3700 1754 3775">
     <span class='ocr_line' id='line_1_58' title="bbox 166 3700 1754 3775; baseline -0.003 -18"><span class='ocrx_word' id='word_1_425' title='bbox 166 3704 289 3757; x_wconf 83' lang='grc' dir='ltr'>ἀλλ’</span> <span class='ocrx_word' id='word_1_426' title='bbox 327 3704 562 3775; x_wconf 70' lang='grc' dir='ltr'>ἀφανείᾳ</span> <span class='ocrx_word' id='word_1_427' title='bbox 608 3704 903 3774; x_wconf 69' lang='grc' dir='ltr'>διαγράψαι</span> <span class='ocrx_word' id='word_1_428' title='bbox 945 3704 1069 3766; x_wconf 77' lang='grc' dir='ltr'>τοὺς</span> <span class='ocrx_word' id='word_1_429' title='bbox 1104 3703 1409 3773; x_wconf 74' lang='grc' dir='ltr'>κιϐδήλους.</span> <span class='ocrx_word' id='word_1_430' title='bbox 1449 3702 1558 3755; x_wconf 69' lang='grc' dir='ltr'>Καὶ</span> <span class='ocrx_word' id='word_1_431' title='bbox 1592 3700 1754 3770; x_wconf 82' lang='grc' dir='ltr'>φύσις</span> 
     </span>
    </p>
   </div>
   <div class='ocr_carea' id='block_1_59' title="bbox 165 3792 1750 3866">
    <p class='ocr_par' dir='ltr' id='par_1_59' title="bbox 165 3792 1750 3866">
     <span class='ocr_line' id='line_1_59' title="bbox 165 3792 1750 3866; baseline -0.004 -17"><span class='ocrx_word' id='word_1_432' title='bbox 165 3796 294 3849; x_wconf 75' lang='grc' dir='ltr'>ἐστὶ</span> <span class='ocrx_word' id='word_1_433' title='bbox 329 3796 417 3849; x_wconf 83' lang='grc' dir='ltr'><strong>διά</strong></span> <span class='ocrx_word' id='word_1_434' title='bbox 448 3797 546 3865; x_wconf 84' lang='grc' dir='ltr'>τῆς</span> <span class='ocrx_word' id='word_1_435' title='bbox 591 3795 700 3848; x_wconf 83' lang='grc' dir='ltr'><strong>τῶν</strong></span> <span class='ocrx_word' id='word_1_436' title='bbox 750 3796 1070 3866; x_wconf 80' lang='grc' dir='ltr'>ἀρχομένων</span> <span class='ocrx_word' id='word_1_437' title='bbox 1119 3794 1571 3863; x_wconf 81' lang='grc' dir='ltr'>συγκαταθέσεως</span> <span class='ocrx_word' id='word_1_438' title='bbox 1618 3792 1750 3846; x_wconf 90' lang='grc' dir='ltr'>θαυ-</span> 
     </span>
    </p>
   </div>
   <div class='ocr_carea' id='block_1_60' title="bbox 172 3884 1750 3958">
    <p class='ocr_par' dir='ltr' id='par_1_60' title="bbox 172 3884 1750 3958">
     <span class='ocr_line' id='line_1_60' title="bbox 172 3884 1750 3958; baseline -0.004 -18"><span class='ocrx_word' id='word_1_439' title='bbox 172 3886 444 3958; x_wconf 76' lang='grc' dir='ltr'>μάζεσθαι</span> <span class='ocrx_word' id='word_1_440' title='bbox 469 3886 529 3939; x_wconf 84' lang='grc' dir='ltr'><strong>τὸ</strong></span> <span class='ocrx_word' id='word_1_441' title='bbox 555 3885 884 3957; x_wconf 77' lang='grc' dir='ltr'>ἡγούμενον·</span> <span class='ocrx_word' id='word_1_442' title='bbox 916 3887 1036 3939; x_wconf 78' lang='grc' dir='ltr'>ἐπεὶ</span> <span class='ocrx_word' id='word_1_443' title='bbox 1073 3887 1166 3938; x_wconf 81' lang='grc' dir='ltr'><strong>καὶ</strong></span> <span class='ocrx_word' id='word_1_444' title='bbox 1197 3884 1291 3938; x_wconf 84' lang='grc' dir='ltr'>νῦν</span> <span class='ocrx_word' id='word_1_445' title='bbox 1319 3885 1416 3954; x_wconf 76' lang='grc' dir='ltr'><strong>οὐχ</strong></span> <span class='ocrx_word' id='word_1_446' title='bbox 1451 3885 1650 3954; x_wconf 73' lang='grc' dir='ltr'>ἥκιστα</span> <span class='ocrx_word' id='word_1_447' title='bbox 1685 3884 1750 3953; x_wconf 73' lang='grc' dir='ltr'>τῇ</span> 
     </span>
    </p>
   </div>
   <div class='ocr_carea' id='block_1_61' title="bbox 170 3976 1753 4048">
    <p class='ocr_par' dir='ltr' id='par_1_61' title="bbox 170 3976 1753 4048">
     <span class='ocr_line' id='line_1_61' title="bbox 170 3976 1753 4048; baseline -0.001 -19"><span class='ocrx_word' id='word_1_448' title='bbox 170 3977 285 4030; x_wconf 89' lang='grc' dir='ltr'><strong>τῶν</strong></span> <span class='ocrx_word' id='word_1_449' title='bbox 325 3978 662 4048; x_wconf 81' lang='grc' dir='ltr'>πραγμάτων</span> <span class='ocrx_word' id='word_1_450' title='bbox 704 3977 905 4048; x_wconf 80' lang='grc' dir='ltr'>ἀτοπίᾳ</span> <span class='ocrx_word' id='word_1_451' title='bbox 958 3978 1019 4030; x_wconf 85' lang='grc' dir='ltr'><strong>τὸ</strong></span> <span class='ocrx_word' id='word_1_452' title='bbox 1073 3976 1277 4047; x_wconf 77' lang='grc' dir='ltr'>πλῆθος</span> <span class='ocrx_word' id='word_1_453' title='bbox 1322 3976 1587 4044; x_wconf 80' lang='grc' dir='ltr'>ἑπόμενον</span> <span class='ocrx_word' id='word_1_454' title='bbox 1626 3976 1753 4039; x_wconf 78' lang='grc' dir='ltr'>τοὺς</span> 
     </span>
    </p>
   </div>
   <div class='ocr_carea' id='block_1_62' title="bbox 172 4066 1754 4137">
    <p class='ocr_par' dir='ltr' id='par_1_62' title="bbox 172 4066 1754 4137">
     <span class='ocr_line' id='line_1_62' title="bbox 172 4066 1754 4137; baseline -0.003 -18"><span class='ocrx_word' id='word_1_455' title='bbox 172 4066 578 4137; x_wconf 86' lang='grc' dir='ltr'>ἀκερσεκόμας,</span> <span class='ocrx_word' id='word_1_456' title='bbox 625 4068 722 4119; x_wconf 74' lang='grc' dir='ltr'><strong>καὶ</strong></span> <span class='ocrx_word' id='word_1_457' title='bbox 759 4066 967 4129; x_wconf 84' lang='grc' dir='ltr'>πάντας</span> <span class='ocrx_word' id='word_1_458' title='bbox 1010 4069 1135 4129; x_wconf 78' lang='grc' dir='ltr'>τοὺς</span> <span class='ocrx_word' id='word_1_459' title='bbox 1174 4066 1510 4136; x_wconf 85' lang='grc' dir='ltr'>τολμῶντας,</span> <span class='ocrx_word' id='word_1_460' title='bbox 1564 4080 1754 4134; x_wconf 77' lang='grc' dir='ltr'>περιτο</span> 
     </span>
    </p>
   </div>
   <div class='ocr_carea' id='block_1_63' title="bbox 171 4154 1751 4230">
    <p class='ocr_par' dir='ltr' id='par_1_63' title="bbox 171 4154 1751 4230">
     <span class='ocr_line' id='line_1_63' title="bbox 171 4154 1751 4230; baseline -0.003 -19"><span class='ocrx_word' id='word_1_461' title='bbox 171 4159 303 4222; x_wconf 74' lang='grc' dir='ltr'>τοὺς</span> <span class='ocrx_word' id='word_1_462' title='bbox 330 4158 394 4230; x_wconf 88' lang='grc' dir='ltr'><strong>δή</strong></span> <span class='ocrx_word' id='word_1_463' title='bbox 420 4175 569 4223; x_wconf 88' lang='grc' dir='ltr'>τινας</span> <span class='ocrx_word' id='word_1_464' title='bbox 591 4159 822 4229; x_wconf 75' lang='grc' dir='ltr'>ἥγηνται</span> <span class='ocrx_word' id='word_1_465' title='bbox 843 4173 856 4186; x_wconf 88' lang='grc'><strong>·</strong></span> <span class='ocrx_word' id='word_1_466' title='bbox 885 4158 954 4210; x_wconf 89' lang='grc' dir='ltr'><strong>τά</strong></span> <span class='ocrx_word' id='word_1_467' title='bbox 984 4174 1040 4210; x_wconf 88' lang='grc' dir='ltr'><strong>τε</strong></span> <span class='ocrx_word' id='word_1_468' title='bbox 1074 4157 1207 4211; x_wconf 84' lang='grc' dir='ltr'>ἄλλα</span> <span class='ocrx_word' id='word_1_469' title='bbox 1238 4155 1601 4225; x_wconf 79' lang='grc' dir='ltr'>ποικιλώτερα</span> <span class='ocrx_word' id='word_1_470' title='bbox 1619 4154 1751 4225; x_wconf 88' lang='grc' dir='ltr'>γένη</span> 
     </span>
    </p>
   </div>
   <div class='ocr_carea' id='block_1_64' title="bbox 171 4247 1753 4321">
    <p class='ocr_par' dir='ltr' id='par_1_64' title="bbox 171 4247 1753 4321">
     <span class='ocr_line' id='line_1_64' title="bbox 171 4247 1753 4321; baseline -0.003 -18"><span class='ocrx_word' id='word_1_471' title='bbox 171 4250 286 4303; x_wconf 83' lang='grc' dir='ltr'><strong>τῶν</strong></span> <span class='ocrx_word' id='word_1_472' title='bbox 312 4250 577 4318; x_wconf 82' lang='grc' dir='ltr'>σοφιστῶν</span> <span class='ocrx_word' id='word_1_473' title='bbox 608 4250 887 4321; x_wconf 73' lang='grc' dir='ltr'>μονονουχὶ</span> <span class='ocrx_word' id='word_1_474' title='bbox 912 4248 1160 4302; x_wconf 72' lang='grc' dir='ltr'>σέϐονταί</span> <span class='ocrx_word' id='word_1_475' title='bbox 1182 4265 1241 4300; x_wconf 91' lang='grc' dir='ltr'><strong>τε</strong></span> <span class='ocrx_word' id='word_1_476' title='bbox 1271 4249 1365 4301; x_wconf 75' lang='grc' dir='ltr'>καὶ</span> <span class='ocrx_word' id='word_1_477' title='bbox 1395 4248 1634 4312; x_wconf 73' lang='grc' dir='ltr'>ἅζονται,</span> <span class='ocrx_word' id='word_1_478' title='bbox 1659 4247 1753 4300; x_wconf 79' lang='grc' dir='ltr'>καὶ</span> 
     </span>
    </p>
   </div>
   <div class='ocr_carea' id='block_1_65' title="bbox 171 4334 1750 4411">
    <p class='ocr_par' dir='ltr' id='par_1_65' title="bbox 171 4334 1750 4411">
     <span class='ocr_line' id='line_1_65' title="bbox 171 4334 1750 4411; baseline -0.003 -19"><span class='ocrx_word' id='word_1_479' title='bbox 171 4339 414 4411; x_wconf 81' lang='grc' dir='ltr'>μάλιστα</span> <span class='ocrx_word' id='word_1_480' title='bbox 457 4338 634 4392; x_wconf 83' lang='grc' dir='ltr'>αὐτῶν</span> <span class='ocrx_word' id='word_1_481' title='bbox 666 4340 779 4392; x_wconf 79' lang='grc' dir='ltr'>ὅσοι</span> <span class='ocrx_word' id='word_1_482' title='bbox 815 4339 1061 4409; x_wconf 83' lang='grc' dir='ltr'>βαίνουσι</span> <span class='ocrx_word' id='word_1_483' title='bbox 1096 4337 1336 4408; x_wconf 81' lang='grc' dir='ltr'>κορύνῃ,</span> <span class='ocrx_word' id='word_1_484' title='bbox 1374 4335 1470 4388; x_wconf 73' lang='grc' dir='ltr'><strong>καὶ</strong></span> <span class='ocrx_word' id='word_1_485' title='bbox 1514 4334 1619 4407; x_wconf 83' lang='grc' dir='ltr'><strong>πρὸ</strong></span> <span class='ocrx_word' id='word_1_486' title='bbox 1656 4334 1750 4388; x_wconf 80' lang='grc' dir='ltr'>τοῦ</span> 
     </span>
    </p>
   </div>
   <div class='ocr_carea' id='block_1_66' title="bbox 173 4426 1751 4502">
    <p class='ocr_par' dir='ltr' id='par_1_66' title="bbox 173 4426 1751 4502">
     <span class='ocr_line' id='line_1_66' title="bbox 173 4426 1751 4502; baseline -0.003 -17"><span class='ocrx_word' id='word_1_487' title='bbox 173 4432 508 4501; x_wconf 79' lang='grc' dir='ltr'>φθέγξασθαι</span> <span class='ocrx_word' id='word_1_488' title='bbox 548 4433 939 4502; x_wconf 86' lang='grc' dir='ltr'>χρέμπτονται.</span> <span class='ocrx_word' id='word_1_489' title='bbox 986 4428 1196 4483; x_wconf 78' lang='grc' dir='ltr'>Οὐκοῦν</span> <span class='ocrx_word' id='word_1_490' title='bbox 1232 4430 1322 4481; x_wconf 75' lang='grc' dir='ltr'><strong>καὶ</strong></span> <span class='ocrx_word' id='word_1_491' title='bbox 1356 4426 1644 4498; x_wconf 84' lang='grc' dir='ltr'>βοηθήσεις</span> <span class='ocrx_word' id='word_1_492' title='bbox 1683 4430 1751 4496; x_wconf 79' lang='grc' dir='ltr'>τῇ</span> 
     </span>
    </p>
   </div>
   <div class='ocr_carea' id='block_1_67' title="bbox 170 4518 1753 4596">
    <p class='ocr_par' dir='ltr' id='par_1_67' title="bbox 170 4518 1753 4596">
     <span class='ocr_line' id='line_1_67' title="bbox 170 4518 1753 4596; baseline -0.006 -18"><span class='ocrx_word' id='word_1_493' title='bbox 170 4525 313 4596; x_wconf 80' lang='grc' dir='ltr'>τύχῃ</span> <span class='ocrx_word' id='word_1_494' title='bbox 346 4523 689 4593; x_wconf 84' lang='grc' dir='ltr'>φιλοσοφίας,</span> <span class='ocrx_word' id='word_1_495' title='bbox 722 4522 835 4576; x_wconf 86' lang='grc' dir='ltr'>ἀλλ’</span> <span class='ocrx_word' id='word_1_496' title='bbox 874 4524 934 4575; x_wconf 84' lang='grc' dir='ltr'><strong>ού</strong></span> <span class='ocrx_word' id='word_1_497' title='bbox 975 4519 1375 4591; x_wconf 80' lang='grc' dir='ltr'>κατηγορήσεις</span> <span class='ocrx_word' id='word_1_498' title='bbox 1407 4518 1578 4588; x_wconf 82' lang='grc' dir='ltr'>αὐτῆς</span> <span class='ocrx_word' id='word_1_499' title='bbox 1601 4518 1753 4571; x_wconf 77' lang='grc' dir='ltr'>οὐδὲν</span> 
     </span>
    </p>
   </div>
   <div class='ocr_carea' id='block_1_68' title="bbox 1857 2056 3431 2126">
    <p class='ocr_par' dir='ltr' id='par_1_68' title="bbox 1857 2056 3431 2126">
     <span class='ocr_line' id='line_1_68' title="bbox 1857 2056 3431 2126; baseline 0.004 -17"><span class='ocrx_word' id='word_1_500' title='bbox 1857 2057 2048 2126; x_wconf 78' lang='lat' dir='ltr'><strong>agitet,</strong></span> <span class='ocrx_word' id='word_1_501' title='bbox 2080 2071 2143 2109; x_wconf 84' lang='lat' dir='ltr'><strong>ac</strong></span> <span class='ocrx_word' id='word_1_502' title='bbox 2177 2057 2222 2109; x_wconf 84' lang='lat' dir='ltr'><strong>si</strong></span> <span class='ocrx_word' id='word_1_503' title='bbox 2271 2056 2407 2110; x_wconf 92' lang='lat' dir='ltr'><strong>nihil</strong></span> <span class='ocrx_word' id='word_1_504' title='bbox 2443 2057 2816 2112; x_wconf 88' lang='lat' dir='ltr'><strong>conducerent</strong></span> <span class='ocrx_word' id='word_1_505' title='bbox 2856 2058 2924 2111; x_wconf 88' lang='lat' dir='ltr'><strong>ad</strong></span> <span class='ocrx_word' id='word_1_506' title='bbox 2951 2058 3127 2113; x_wconf 88' lang='lat' dir='ltr'><strong>serias</strong></span> <span class='ocrx_word' id='word_1_507' title='bbox 3163 2061 3431 2124; x_wconf 82' lang='lat' dir='ltr'><strong>actiones,</strong></span> 
     </span>
    </p>
   </div>
   <div class='ocr_carea' id='block_1_69' title="bbox 1855 2148 3432 2219">
    <p class='ocr_par' dir='ltr' id='par_1_69' title="bbox 1855 2148 3432 2219">
     <span class='ocr_line' id='line_1_69' title="bbox 1855 2148 3432 2219; baseline 0.001 -16"><span class='ocrx_word' id='word_1_508' title='bbox 1855 2163 1979 2219; x_wconf 83' lang='lat' dir='ltr'><strong>qua:</strong></span> <span class='ocrx_word' id='word_1_509' title='bbox 2006 2148 2109 2202; x_wconf 85' lang='lat' dir='ltr'><strong>sub</strong></span> <span class='ocrx_word' id='word_1_510' title='bbox 2130 2156 2321 2217; x_wconf 80' lang='lat' dir='ltr'><strong>aperto</strong></span> <span class='ocrx_word' id='word_1_511' title='bbox 2350 2149 2490 2202; x_wconf 70' lang='lat' dir='ltr'><strong>caelo</strong></span> <span class='ocrx_word' id='word_1_512' title='bbox 2520 2156 2808 2218; x_wconf 83' lang='lat' dir='ltr'><strong>geruntur,</strong></span> <span class='ocrx_word' id='word_1_513' title='bbox 2835 2151 2986 2204; x_wconf 76' lang='lat' dir='ltr'><strong>scitae</strong></span> <span class='ocrx_word' id='word_1_514' title='bbox 3010 2158 3192 2205; x_wconf 88' lang='lat' dir='ltr'><strong>autem</strong></span> <span class='ocrx_word' id='word_1_515' title='bbox 3225 2151 3336 2204; x_wconf 88' lang='lat' dir='ltr'><strong>sint</strong></span> <span class='ocrx_word' id='word_1_516' title='bbox 3364 2152 3432 2204; x_wconf 87' lang='lat' dir='ltr'><strong>ad</strong></span> 
     </span>
    </p>
   </div>
   <div class='ocr_carea' id='block_1_70' title="bbox 1856 2240 3433 2313">
    <p class='ocr_par' dir='ltr' id='par_1_70' title="bbox 1856 2240 3433 2313">
     <span class='ocr_line' id='line_1_70' title="bbox 1856 2240 3433 2313; baseline 0 -18"><span class='ocrx_word' id='word_1_517' title='bbox 1856 2241 2085 2296; x_wconf 86' lang='lat' dir='ltr'><strong>delicias</strong></span> <span class='ocrx_word' id='word_1_518' title='bbox 2121 2250 2175 2295; x_wconf 91' lang='lat' dir='ltr'><strong>et</strong></span> <span class='ocrx_word' id='word_1_519' title='bbox 2225 2240 2436 2294; x_wconf 87' lang='lat' dir='ltr'><strong>ludicra</strong></span> <span class='ocrx_word' id='word_1_520' title='bbox 2474 2241 2730 2309; x_wconf 86' lang='lat' dir='ltr'><strong>puerilia,</strong></span> <span class='ocrx_word' id='word_1_521' title='bbox 2761 2249 2927 2307; x_wconf 89' lang='lat' dir='ltr'><strong>atque</strong></span> <span class='ocrx_word' id='word_1_522' title='bbox 2968 2257 3143 2313; x_wconf 88' lang='lat' dir='ltr'><strong>nugas</strong></span> <span class='ocrx_word' id='word_1_523' title='bbox 3174 2241 3433 2296; x_wconf 82' lang='lat' dir='ltr'><strong>eﬂ&#39;ntien-</strong></span> 
     </span>
    </p>
   </div>
   <div class='ocr_carea' id='block_1_71' title="bbox 1857 2331 3435 2403">
    <p class='ocr_par' dir='ltr' id='par_1_71' title="bbox 1857 2331 3435 2403">
     <span class='ocr_line' id='line_1_71' title="bbox 1857 2331 3435 2403; baseline 0.003 -18"><span class='ocrx_word' id='word_1_524' title='bbox 1857 2332 1976 2387; x_wconf 91' lang='lat' dir='ltr'><strong>das.</strong></span> <span class='ocrx_word' id='word_1_525' title='bbox 2010 2331 2119 2385; x_wconf 86' lang='lat' dir='ltr'><strong>Nos</strong></span> <span class='ocrx_word' id='word_1_526' title='bbox 2148 2333 2314 2385; x_wconf 89' lang='lat' dir='ltr'><strong>etiam</strong></span> <span class='ocrx_word' id='word_1_527' title='bbox 2348 2332 2446 2384; x_wconf 90' lang='lat' dir='ltr'><strong>tibi</strong></span> <span class='ocrx_word' id='word_1_528' title='bbox 2470 2345 2691 2385; x_wconf 89' lang='lat' dir='ltr'><strong>manum</strong></span> <span class='ocrx_word' id='word_1_529' title='bbox 2718 2331 3124 2400; x_wconf 83' lang='lat' dir='ltr'><strong>Opitulatricem</strong></span> <span class='ocrx_word' id='word_1_530' title='bbox 3157 2335 3435 2403; x_wconf 84' lang='lat' dir='ltr'><strong>porrigere</strong></span> 
     </span>
    </p>
   </div>
   <div class='ocr_carea' id='block_1_72' title="bbox 1861 2424 3429 2495">
    <p class='ocr_par' dir='ltr' id='par_1_72' title="bbox 1861 2424 3429 2495">
     <span class='ocr_line' id='line_1_72' title="bbox 1861 2424 3429 2495; baseline 0.001 -17"><span class='ocrx_word' id='word_1_531' title='bbox 1861 2440 1957 2494; x_wconf 89' lang='lat' dir='ltr'><strong>par</strong></span> <span class='ocrx_word' id='word_1_532' title='bbox 1987 2435 2070 2480; x_wconf 89' lang='lat' dir='ltr'><strong>est</strong></span> <span class='ocrx_word' id='word_1_533' title='bbox 2094 2424 2370 2492; x_wconf 85' lang='lat' dir='ltr'><strong>singulos,</strong></span> <span class='ocrx_word' id='word_1_534' title='bbox 2397 2432 2665 2492; x_wconf 88' lang='lat' dir='ltr'><strong>quantum</strong></span> <span class='ocrx_word' id='word_1_535' title='bbox 2698 2426 2937 2492; x_wconf 91' lang='lat' dir='ltr'><strong>quisque</strong></span> <span class='ocrx_word' id='word_1_536' title='bbox 2966 2425 3175 2478; x_wconf 89' lang='lat' dir='ltr'><strong>conniti</strong></span> <span class='ocrx_word' id='word_1_537' title='bbox 3205 2425 3429 2495; x_wconf 84' lang='lat' dir='ltr'><strong>poterit.</strong></span> 
     </span>
    </p>
   </div>
   <div class='ocr_carea' id='block_1_73' title="bbox 1858 2514 3431 2583">
    <p class='ocr_par' dir='ltr' id='par_1_73' title="bbox 1858 2514 3431 2583">
     <span class='ocr_line' id='line_1_73' title="bbox 1858 2514 3431 2583; baseline 0.003 -15"><span class='ocrx_word' id='word_1_538' title='bbox 1858 2514 1953 2570; x_wconf 89' lang='lat' dir='ltr'><strong>Sic</strong></span> <span class='ocrx_word' id='word_1_539' title='bbox 1978 2518 2121 2569; x_wconf 86' lang='lat' dir='ltr'><strong>enim</strong></span> <span class='ocrx_word' id='word_1_540' title='bbox 2155 2515 2444 2569; x_wconf 90' lang='lat' dir='ltr'><strong>absolutus</strong></span> <span class='ocrx_word' id='word_1_541' title='bbox 2478 2515 2700 2583; x_wconf 83' lang='lat' dir='ltr'><strong>sapiens</strong></span> <span class='ocrx_word' id='word_1_542' title='bbox 2740 2514 2944 2578; x_wconf 80' lang='lat' dir='ltr'><strong>fueris,</strong></span> <span class='ocrx_word' id='word_1_543' title='bbox 2976 2531 3085 2569; x_wconf 93' lang='lat' dir='ltr'><strong>non</strong></span> <span class='ocrx_word' id='word_1_544' title='bbox 3120 2516 3431 2580; x_wconf 88' lang='lat' dir='ltr'><strong>inchoatus,</strong></span> 
     </span>
    </p>
   </div>
   <div class='ocr_carea' id='block_1_74' title="bbox 1858 2606 3434 2676">
    <p class='ocr_par' dir='ltr' id='par_1_74' title="bbox 1858 2606 3434 2676">
     <span class='ocr_line' id='line_1_74' title="bbox 1858 2606 3434 2676; baseline 0.002 -17"><span class='ocrx_word' id='word_1_545' title='bbox 1858 2623 2036 2676; x_wconf 90' lang='lat' dir='ltr'><strong>neque</strong></span> <span class='ocrx_word' id='word_1_546' title='bbox 2071 2607 2430 2675; x_wconf 79' lang='lat' dir='ltr'><strong>imperfectus</strong></span> <span class='ocrx_word' id='word_1_547' title='bbox 2458 2614 2512 2659; x_wconf 90' lang='lat' dir='ltr'><strong>et</strong></span> <span class='ocrx_word' id='word_1_548' title='bbox 2544 2606 2790 2669; x_wconf 88' lang='lat' dir='ltr'><strong>mutilus,</strong></span> <span class='ocrx_word' id='word_1_549' title='bbox 2824 2613 2882 2658; x_wconf 93' lang='lat' dir='ltr'><strong>ut</strong></span> <span class='ocrx_word' id='word_1_550' title='bbox 2929 2606 3022 2675; x_wconf 85' lang='lat' dir='ltr'><strong>qui</strong></span> <span class='ocrx_word' id='word_1_551' title='bbox 3056 2621 3123 2659; x_wconf 91' lang='lat' dir='ltr'><strong>eo</strong></span> <span class='ocrx_word' id='word_1_552' title='bbox 3157 2607 3276 2661; x_wconf 88' lang='lat' dir='ltr'><strong>solo</strong></span> <span class='ocrx_word' id='word_1_553' title='bbox 3316 2623 3434 2662; x_wconf 86' lang='lat' dir='ltr'><strong>eve-</strong></span> 
     </span>
    </p>
   </div>
   <div class='ocr_carea' id='block_1_75' title="bbox 1856 2693 3431 2765">
    <p class='ocr_par' dir='ltr' id='par_1_75' title="bbox 1856 2693 3431 2765">
     <span class='ocr_line' id='line_1_75' title="bbox 1856 2693 3431 2765; baseline 0.001 -16"><span class='ocrx_word' id='word_1_554' title='bbox 1856 2696 2027 2760; x_wconf 84' lang='lat' dir='ltr'><strong>hitur,</strong></span> <span class='ocrx_word' id='word_1_555' title='bbox 2053 2696 2202 2764; x_wconf 84' lang='lat' dir='ltr'><strong>quod</strong></span> <span class='ocrx_word' id='word_1_556' title='bbox 2245 2710 2275 2747; x_wconf 87' lang='lat' dir='ltr'><strong>a</strong></span> <span class='ocrx_word' id='word_1_557' title='bbox 2310 2703 2509 2747; x_wconf 90' lang='lat' dir='ltr'><strong>natura</strong></span> <span class='ocrx_word' id='word_1_558' title='bbox 2549 2694 2881 2764; x_wconf 79' lang='lat' dir='ltr'><strong>suggeritur.</strong></span> <span class='ocrx_word' id='word_1_559' title='bbox 2916 2693 2981 2747; x_wconf 86' lang='lat' dir='ltr'><strong>Et</strong></span> <span class='ocrx_word' id='word_1_560' title='bbox 3053 2710 3179 2749; x_wconf 90' lang='lat' dir='ltr'><strong>cum</strong></span> <span class='ocrx_word' id='word_1_561' title='bbox 3237 2696 3431 2765; x_wconf 86' lang='lat' dir='ltr'><strong>repub.</strong></span> 
     </span>
    </p>
   </div>
   <div class='ocr_carea' id='block_1_76' title="bbox 1853 2785 3430 2856">
    <p class='ocr_par' dir='ltr' id='par_1_76' title="bbox 1853 2785 3430 2856">
     <span class='ocr_line' id='line_1_76' title="bbox 1853 2785 3430 2856; baseline 0.002 -17"><span class='ocrx_word' id='word_1_562' title='bbox 1853 2800 2074 2856; x_wconf 85' lang='lat' dir='ltr'><strong>quoque</strong></span> <span class='ocrx_word' id='word_1_563' title='bbox 2118 2785 2378 2855; x_wconf 67' lang='lat' dir='ltr'><strong>praeclare</strong></span> <span class='ocrx_word' id='word_1_564' title='bbox 2425 2793 2652 2853; x_wconf 79' lang='lat' dir='ltr'><strong>agatur,</strong></span> <span class='ocrx_word' id='word_1_565' title='bbox 2685 2800 2810 2838; x_wconf 87' lang='lat' dir='ltr'><strong>cum</strong></span> <span class='ocrx_word' id='word_1_566' title='bbox 2845 2786 2984 2840; x_wconf 83' lang='lat' dir='ltr'><strong>tales</strong></span> <span class='ocrx_word' id='word_1_567' title='bbox 3034 2786 3201 2855; x_wconf 87' lang='lat' dir='ltr'><strong>hujus</strong></span> <span class='ocrx_word' id='word_1_568' title='bbox 3241 2803 3430 2845; x_wconf 84' lang='lat' dir='ltr'><strong>curam</strong></span> 
     </span>
    </p>
   </div>
   <div class='ocr_carea' id='block_1_77' title="bbox 1857 2874 3437 2946">
    <p class='ocr_par' dir='ltr' id='par_1_77' title="bbox 1857 2874 3437 2946">
     <span class='ocr_line' id='line_1_77' title="bbox 1857 2874 3437 2946; baseline 0 -14"><span class='ocrx_word' id='word_1_569' title='bbox 1857 2885 2090 2946; x_wconf 80' lang='lat' dir='ltr'><strong>gerant:</strong></span> <span class='ocrx_word' id='word_1_570' title='bbox 2131 2875 2289 2929; x_wconf 84' lang='lat' dir='ltr'><strong>nobis</strong></span> <span class='ocrx_word' id='word_1_571' title='bbox 2331 2874 2519 2928; x_wconf 90' lang='lat' dir='ltr'><strong>hocin</strong></span> <span class='ocrx_word' id='word_1_572' title='bbox 2583 2874 2785 2928; x_wconf 87' lang='lat' dir='ltr'><strong>bonum</strong></span> <span class='ocrx_word' id='word_1_573' title='bbox 2823 2883 3017 2940; x_wconf 89' lang='lat' dir='ltr'><strong>vertet,</strong></span> <span class='ocrx_word' id='word_1_574' title='bbox 3051 2876 3317 2941; x_wconf 86' lang='lat' dir='ltr'><strong>honorem</strong></span> <span class='ocrx_word' id='word_1_575' title='bbox 3366 2879 3437 2933; x_wconf 85' lang='lat' dir='ltr'><strong>ab</strong></span> 
     </span>
    </p>
   </div>
   <div class='ocr_carea' id='block_1_78' title="bbox 1858 2966 3525 3037">
    <p class='ocr_par' dir='ltr' id='par_1_78' title="bbox 1858 2966 3525 3037">
     <span class='ocr_line' id='line_1_78' title="bbox 1858 2966 3525 3037; baseline 0.005 -15"><span class='ocrx_word' id='word_1_576' title='bbox 1858 2967 2173 3022; x_wconf 89' lang='lat' dir='ltr'><strong>hominibus</strong></span> <span class='ocrx_word' id='word_1_577' title='bbox 2213 2966 2574 3037; x_wconf 77' lang='lat' dir='ltr'><strong>philosophiae</strong></span> <span class='ocrx_word' id='word_1_578' title='bbox 2626 2966 3026 3037; x_wconf 87' lang='lat' dir='ltr'><strong>despondisse,</strong></span> <span class='ocrx_word' id='word_1_579' title='bbox 3076 2969 3147 3025; x_wconf 89' lang='lat' dir='ltr'><strong>iis</strong></span> <span class='ocrx_word' id='word_1_580' title='bbox 3189 2971 3436 3027; x_wconf 77' lang='lat' dir='ltr'><strong>moribus</strong></span> <span class='ocrx_word' id='word_1_581' title='bbox 3524 3027 3525 3030; x_wconf 44' lang='grc' dir='ltr'><strong>η</strong></span> 
     </span>
    </p>
   </div>
   <div class='ocr_carea' id='block_1_79' title="bbox 1856 3057 3437 3130">
    <p class='ocr_par' dir='ltr' id='par_1_79' title="bbox 1856 3057 3437 3130">
     <span class='ocr_line' id='line_1_79' title="bbox 1856 3057 3437 3130; baseline 0.002 -15"><span class='ocrx_word' id='word_1_582' title='bbox 1856 3059 2263 3130; x_wconf 85' lang='lat' dir='ltr'><strong>perseverando</strong></span> <span class='ocrx_word' id='word_1_583' title='bbox 2290 3059 2382 3127; x_wconf 85' lang='lat' dir='ltr'><strong>qui</strong></span> <span class='ocrx_word' id='word_1_584' title='bbox 2411 3058 2597 3113; x_wconf 89' lang='lat' dir='ltr'><strong>decori</strong></span> <span class='ocrx_word' id='word_1_585' title='bbox 2636 3068 2784 3112; x_wconf 82' lang='lat' dir='ltr'><strong>sunt.</strong></span> <span class='ocrx_word' id='word_1_586' title='bbox 2816 3057 2952 3112; x_wconf 87' lang='lat' dir='ltr'><strong>Nam</strong></span> <span class='ocrx_word' id='word_1_587' title='bbox 3010 3058 3085 3112; x_wconf 90' lang='lat' dir='ltr'><strong>ita</strong></span> <span class='ocrx_word' id='word_1_588' title='bbox 3139 3062 3437 3118; x_wconf 80' lang='lat' dir='ltr'><strong>verisimile</strong></span> 
     </span>
    </p>
   </div>
   <div class='ocr_carea' id='block_1_80' title="bbox 1856 3148 3434 3220">
    <p class='ocr_par' dir='ltr' id='par_1_80' title="bbox 1856 3148 3434 3220">
     <span class='ocr_line' id='line_1_80' title="bbox 1856 3148 3434 3220; baseline 0.001 -14"><span class='ocrx_word' id='word_1_589' title='bbox 1856 3151 2087 3207; x_wconf 79' lang='lat' dir='ltr'><strong>exsistet</strong></span> <span class='ocrx_word' id='word_1_590' title='bbox 2116 3150 2459 3204; x_wconf 88' lang='lat' dir='ltr'><strong>contrarium</strong></span> <span class='ocrx_word' id='word_1_591' title='bbox 2499 3148 2548 3203; x_wconf 88' lang='lat' dir='ltr'><strong>ei</strong></span> <span class='ocrx_word' id='word_1_592' title='bbox 2582 3149 2888 3213; x_wconf 90' lang='lat' dir='ltr'><strong>verisimili,</strong></span> <span class='ocrx_word' id='word_1_593' title='bbox 2921 3151 3069 3218; x_wconf 91' lang='lat' dir='ltr'><strong>quod</strong></span> <span class='ocrx_word' id='word_1_594' title='bbox 3116 3152 3277 3220; x_wconf 89' lang='lat' dir='ltr'><strong>paulo</strong></span> <span class='ocrx_word' id='word_1_595' title='bbox 3308 3162 3434 3209; x_wconf 88' lang='lat' dir='ltr'><strong>ante</strong></span> 
     </span>
    </p>
   </div>
   <div class='ocr_carea' id='block_1_81' title="bbox 1858 3238 3437 3310">
    <p class='ocr_par' dir='ltr' id='par_1_81' title="bbox 1858 3238 3437 3310">
     <span class='ocr_line' id='line_1_81' title="bbox 1858 3238 3437 3310; baseline 0.001 -15"><span class='ocrx_word' id='word_1_596' title='bbox 1858 3242 2166 3310; x_wconf 80' lang='lat' dir='ltr'><strong>expositum</strong></span> <span class='ocrx_word' id='word_1_597' title='bbox 2208 3238 2330 3306; x_wconf 85' lang='lat' dir='ltr'><strong>fuit,</strong></span> <span class='ocrx_word' id='word_1_598' title='bbox 2368 3254 2493 3293; x_wconf 91' lang='lat' dir='ltr'><strong>cum</strong></span> <span class='ocrx_word' id='word_1_599' title='bbox 2529 3238 2898 3295; x_wconf 85' lang='lat' dir='ltr'><strong>multitudinis</strong></span> <span class='ocrx_word' id='word_1_600' title='bbox 2935 3239 3165 3295; x_wconf 75' lang='lat' dir='ltr'><strong>inscitia:</strong></span> <span class='ocrx_word' id='word_1_601' title='bbox 3198 3250 3253 3296; x_wconf 90' lang='lat' dir='ltr'><strong>et</strong></span> <span class='ocrx_word' id='word_1_602' title='bbox 3282 3243 3437 3298; x_wconf 85' lang='lat' dir='ltr'><strong>rudi-</strong></span> 
     </span>
    </p>
   </div>
   <div class='ocr_carea' id='block_1_82' title="bbox 1857 3330 3431 3400">
    <p class='ocr_par' dir='ltr' id='par_1_82' title="bbox 1857 3330 3431 3400">
     <span class='ocr_line' id='line_1_82' title="bbox 1857 3330 3431 3400; baseline 0.003 -14"><span class='ocrx_word' id='word_1_603' title='bbox 1857 3333 1954 3386; x_wconf 89' lang='lat' dir='ltr'><strong>tati</strong></span> <span class='ocrx_word' id='word_1_604' title='bbox 1978 3338 2195 3400; x_wconf 80' lang='lat' dir='ltr'><strong>gentem</strong></span> <span class='ocrx_word' id='word_1_605' title='bbox 2221 3331 2595 3399; x_wconf 76' lang='lat' dir='ltr'><strong>sophistarum</strong></span> <span class='ocrx_word' id='word_1_606' title='bbox 2645 3330 2808 3399; x_wconf 80' lang='lat'><strong>310</strong></span> <span class='ocrx_word' id='word_1_607' title='bbox 2849 3331 3099 3385; x_wconf 86' lang='lat' dir='ltr'><strong>insidiari</strong></span> <span class='ocrx_word' id='word_1_608' title='bbox 3149 3331 3431 3390; x_wconf 77' lang='lat' dir='ltr'><strong>diximus:</strong></span> 
     </span>
    </p>
   </div>
   <div class='ocr_carea' id='block_1_83' title="bbox 1855 3420 3433 3489">
    <p class='ocr_par' dir='ltr' id='par_1_83' title="bbox 1855 3420 3433 3489">
     <span class='ocr_line' id='line_1_83' title="bbox 1855 3420 3433 3489; baseline 0.003 -15"><span class='ocrx_word' id='word_1_609' title='bbox 1855 3421 2001 3475; x_wconf 87' lang='lat' dir='ltr'><strong>unde</strong></span> <span class='ocrx_word' id='word_1_610' title='bbox 2032 3420 2321 3475; x_wconf 83' lang='lat' dir='ltr'><strong>usuveniat</strong></span> <span class='ocrx_word' id='word_1_611' title='bbox 2366 3428 2424 3473; x_wconf 93' lang='lat' dir='ltr'><strong>ut</strong></span> <span class='ocrx_word' id='word_1_612' title='bbox 2456 3420 2569 3473; x_wconf 84' lang='lat' dir='ltr'><strong>veri</strong></span> <span class='ocrx_word' id='word_1_613' title='bbox 2617 3421 2976 3489; x_wconf 70' lang='lat' dir='ltr'><strong>philosophiae</strong></span> <span class='ocrx_word' id='word_1_614' title='bbox 3007 3422 3214 3475; x_wconf 87' lang='lat' dir='ltr'><strong>alumni</strong></span> <span class='ocrx_word' id='word_1_615' title='bbox 3252 3424 3433 3479; x_wconf 85' lang='lat' dir='ltr'><strong>minus</strong></span> 
     </span>
    </p>
   </div>
   <div class='ocr_carea' id='block_1_84' title="bbox 1857 3512 3430 3584">
    <p class='ocr_par' dir='ltr' id='par_1_84' title="bbox 1857 3512 3430 3584">
     <span class='ocr_line' id='line_1_84' title="bbox 1857 3512 3430 3584; baseline 0.003 -18"><span class='ocrx_word' id='word_1_616' title='bbox 1857 3512 2199 3566; x_wconf 86' lang='lat' dir='ltr'><strong>honorentur</strong></span> <span class='ocrx_word' id='word_1_617' title='bbox 2263 3527 2426 3582; x_wconf 83' lang='lat' dir='ltr'><strong>quam</strong></span> <span class='ocrx_word' id='word_1_618' title='bbox 2488 3512 2758 3567; x_wconf 81' lang='lat' dir='ltr'><strong>subdititii</strong></span> <span class='ocrx_word' id='word_1_619' title='bbox 2809 3521 2865 3567; x_wconf 85' lang='lat' dir='ltr'><strong>et</strong></span> <span class='ocrx_word' id='word_1_620' title='bbox 2931 3514 3244 3584; x_wconf 88' lang='lat' dir='ltr'><strong>ascriptitii.</strong></span> <span class='ocrx_word' id='word_1_621' title='bbox 3294 3514 3430 3571; x_wconf 86' lang='lat' dir='ltr'><strong>Cum</strong></span> 
     </span>
    </p>
   </div>
   <div class='ocr_carea' id='block_1_85' title="bbox 1856 3604 3429 3676">
    <p class='ocr_par' dir='ltr' id='par_1_85' title="bbox 1856 3604 3429 3676">
     <span class='ocr_line' id='line_1_85' title="bbox 1856 3604 3429 3676; baseline 0.004 -21"><span class='ocrx_word' id='word_1_622' title='bbox 1856 3614 2035 3658; x_wconf 90' lang='lat' dir='ltr'><strong>autem</strong></span> <span class='ocrx_word' id='word_1_623' title='bbox 2074 3604 2108 3656; x_wconf 95' lang='lat' dir='ltr'><strong>ii</strong></span> <span class='ocrx_word' id='word_1_624' title='bbox 2145 3605 2239 3674; x_wconf 90' lang='lat' dir='ltr'><strong>qui</strong></span> <span class='ocrx_word' id='word_1_625' title='bbox 2279 3605 2628 3674; x_wconf 86' lang='lat' dir='ltr'><strong>magistratus</strong></span> <span class='ocrx_word' id='word_1_626' title='bbox 2660 3613 2879 3676; x_wconf 87' lang='lat' dir='ltr'><strong>gerunt,</strong></span> <span class='ocrx_word' id='word_1_627' title='bbox 2910 3614 2965 3660; x_wconf 90' lang='lat' dir='ltr'><strong>et</strong></span> <span class='ocrx_word' id='word_1_628' title='bbox 3013 3606 3298 3661; x_wconf 86' lang='lat' dir='ltr'><strong>civitatum</strong></span> <span class='ocrx_word' id='word_1_629' title='bbox 3331 3623 3429 3662; x_wconf 91' lang='lat' dir='ltr'><strong>ne-</strong></span> 
     </span>
    </p>
   </div>
   <div class='ocr_carea' id='block_1_86' title="bbox 1855 3697 3431 3769">
    <p class='ocr_par' dir='ltr' id='par_1_86' title="bbox 1855 3697 3431 3769">
     <span class='ocr_line' id='line_1_86' title="bbox 1855 3697 3431 3769; baseline 0.004 -21"><span class='ocrx_word' id='word_1_630' title='bbox 1855 3697 2001 3766; x_wconf 83' lang='lat' dir='ltr'><strong>gotia</strong></span> <span class='ocrx_word' id='word_1_631' title='bbox 2032 3703 2294 3757; x_wconf 86' lang='lat' dir='ltr'><strong>tractant,</strong></span> <span class='ocrx_word' id='word_1_632' title='bbox 2320 3712 2425 3751; x_wconf 89' lang='lat' dir='ltr'><strong>non</strong></span> <span class='ocrx_word' id='word_1_633' title='bbox 2464 3698 2684 3766; x_wconf 89' lang='lat' dir='ltr'><strong>quidam</strong></span> <span class='ocrx_word' id='word_1_634' title='bbox 2710 3715 2740 3752; x_wconf 92' lang='lat' dir='ltr'><strong>e</strong></span> <span class='ocrx_word' id='word_1_635' title='bbox 2760 3700 2922 3769; x_wconf 87' lang='lat' dir='ltr'><strong>vulgo</strong></span> <span class='ocrx_word' id='word_1_636' title='bbox 2952 3698 3176 3765; x_wconf 79' lang='lat' dir='ltr'><strong>fuerint,</strong></span> <span class='ocrx_word' id='word_1_637' title='bbox 3214 3702 3308 3755; x_wconf 87' lang='lat' dir='ltr'><strong>sed</strong></span> <span class='ocrx_word' id='word_1_638' title='bbox 3344 3702 3431 3755; x_wconf 86' lang='lat' dir='ltr'><strong>in-</strong></span> 
     </span>
    </p>
   </div>
   <div class='ocr_carea' id='block_1_87' title="bbox 1859 3787 3430 3864">
    <p class='ocr_par' dir='ltr' id='par_1_87' title="bbox 1859 3787 3430 3864">
     <span class='ocr_line' id='line_1_87' title="bbox 1859 3787 3430 3864; baseline 0.004 -24"><span class='ocrx_word' id='word_1_639' title='bbox 1859 3787 2173 3855; x_wconf 88' lang='lat' dir='ltr'><strong>telligentes</strong></span> <span class='ocrx_word' id='word_1_640' title='bbox 2218 3789 2492 3853; x_wconf 89' lang='lat' dir='ltr'><strong>homines,</strong></span> <span class='ocrx_word' id='word_1_641' title='bbox 2530 3789 2820 3844; x_wconf 82' lang='lat' dir='ltr'><strong>confestim</strong></span> <span class='ocrx_word' id='word_1_642' title='bbox 2858 3790 2933 3842; x_wconf 86' lang='lat' dir='ltr'><strong>illi</strong></span> <span class='ocrx_word' id='word_1_643' title='bbox 2958 3792 3273 3847; x_wconf 90' lang='lat' dir='ltr'><strong>discernent</strong></span> <span class='ocrx_word' id='word_1_644' title='bbox 3301 3808 3430 3864; x_wconf 86' lang='lat' dir='ltr'><strong>spu-</strong></span> 
     </span>
    </p>
   </div>
   <div class='ocr_carea' id='block_1_88' title="bbox 1856 3879 3432 3954">
    <p class='ocr_par' dir='ltr' id='par_1_88' title="bbox 1856 3879 3432 3954">
     <span class='ocr_line' id='line_1_88' title="bbox 1856 3879 3432 3954; baseline 0.005 -22"><span class='ocrx_word' id='word_1_645' title='bbox 1856 3879 2000 3932; x_wconf 86' lang='lat' dir='ltr'><strong>rium</strong></span> <span class='ocrx_word' id='word_1_646' title='bbox 2037 3892 2067 3930; x_wconf 89' lang='lat' dir='ltr'><strong>a</strong></span> <span class='ocrx_word' id='word_1_647' title='bbox 2096 3894 2226 3932; x_wconf 89' lang='lat' dir='ltr'><strong>vero</strong></span> <span class='ocrx_word' id='word_1_648' title='bbox 2249 3889 2303 3933; x_wconf 91' lang='lat' dir='ltr'><strong>et</strong></span> <span class='ocrx_word' id='word_1_649' title='bbox 2335 3881 2613 3950; x_wconf 83' lang='lat' dir='ltr'><strong>legitimo:</strong></span> <span class='ocrx_word' id='word_1_650' title='bbox 2642 3897 2819 3951; x_wconf 87' lang='lat' dir='ltr'><strong>neque</strong></span> <span class='ocrx_word' id='word_1_651' title='bbox 2845 3882 2957 3951; x_wconf 86' lang='lat' dir='ltr'><strong>jam</strong></span> <span class='ocrx_word' id='word_1_652' title='bbox 2986 3883 3204 3938; x_wconf 73' lang='lat' dir='ltr'><strong>dillicile</strong></span> <span class='ocrx_word' id='word_1_653' title='bbox 3226 3887 3432 3954; x_wconf 89' lang='lat' dir='ltr'><strong>popqu</strong></span> 
     </span>
    </p>
   </div>
   <div class='ocr_carea' id='block_1_89' title="bbox 1855 3973 3431 4033">
    <p class='ocr_par' dir='ltr' id='par_1_89' title="bbox 1855 3973 3431 4033">
     <span class='ocr_line' id='line_1_89' title="bbox 1855 3973 3431 4033; baseline 0.004 -7"><span class='ocrx_word' id='word_1_654' title='bbox 1855 3982 1999 4026; x_wconf 87' lang='lat' dir='ltr'><strong>esset</strong></span> <span class='ocrx_word' id='word_1_655' title='bbox 2036 3987 2278 4025; x_wconf 86' lang='lat' dir='ltr'><strong>errorem</strong></span> <span class='ocrx_word' id='word_1_656' title='bbox 2328 3989 2491 4027; x_wconf 88' lang='lat' dir='ltr'><strong>suum</strong></span> <span class='ocrx_word' id='word_1_657' title='bbox 2527 3973 2832 4029; x_wconf 87' lang='lat' dir='ltr'><strong>dediscere.</strong></span> <span class='ocrx_word' id='word_1_658' title='bbox 2897 3973 3015 4029; x_wconf 80' lang='lat' dir='ltr'><strong>Non</strong></span> <span class='ocrx_word' id='word_1_659' title='bbox 3050 3977 3194 4029; x_wconf 88' lang='lat' dir='ltr'><strong>enim</strong></span> <span class='ocrx_word' id='word_1_660' title='bbox 3248 3978 3431 4033; x_wconf 83' lang='lat' dir='ltr'><strong>dicere</strong></span> 
     </span>
    </p>
   </div>
   <div class='ocr_carea' id='block_1_90' title="bbox 1856 4064 3433 4135">
    <p class='ocr_par' dir='ltr' id='par_1_90' title="bbox 1856 4064 3433 4135">
     <span class='ocr_line' id='line_1_90' title="bbox 1856 4064 3433 4135; baseline 0.003 -17"><span class='ocrx_word' id='word_1_661' title='bbox 1856 4064 1943 4119; x_wconf 93' lang='lat' dir='ltr'><strong>his</strong></span> <span class='ocrx_word' id='word_1_662' title='bbox 1978 4064 2275 4134; x_wconf 74' lang='lat' dir='ltr'><strong>Quidquam</strong></span> <span class='ocrx_word' id='word_1_663' title='bbox 2310 4072 2543 4132; x_wconf 85' lang='lat' dir='ltr'><strong>oportet,</strong></span> <span class='ocrx_word' id='word_1_664' title='bbox 2581 4081 2774 4119; x_wconf 88' lang='lat' dir='ltr'><strong>verum</strong></span> <span class='ocrx_word' id='word_1_665' title='bbox 2806 4065 3167 4135; x_wconf 85' lang='lat' dir='ltr'><strong>ignobilitatis</strong></span> <span class='ocrx_word' id='word_1_666' title='bbox 3189 4076 3317 4123; x_wconf 86' lang='lat' dir='ltr'><strong>nota</strong></span> <span class='ocrx_word' id='word_1_667' title='bbox 3350 4069 3433 4123; x_wconf 86' lang='lat' dir='ltr'><strong>in—</strong></span> 
     </span>
    </p>
   </div>
   <div class='ocr_carea' id='block_1_91' title="bbox 1854 4153 3429 4229">
    <p class='ocr_par' dir='ltr' id='par_1_91' title="bbox 1854 4153 3429 4229">
     <span class='ocr_line' id='line_1_91' title="bbox 1854 4153 3429 4229; baseline 0.004 -22"><span class='ocrx_word' id='word_1_668' title='bbox 1854 4153 2059 4209; x_wconf 90' lang='lat' dir='ltr'><strong>ducere</strong></span> <span class='ocrx_word' id='word_1_669' title='bbox 2090 4155 2372 4224; x_wconf 88' lang='lat' dir='ltr'><strong>improbos</strong></span> <span class='ocrx_word' id='word_1_670' title='bbox 2404 4165 2459 4207; x_wconf 88' lang='lat' dir='ltr'><strong>et</strong></span> <span class='ocrx_word' id='word_1_671' title='bbox 2490 4156 2852 4211; x_wconf 86' lang='lat' dir='ltr'><strong>adulterinos.</strong></span> <span class='ocrx_word' id='word_1_672' title='bbox 2886 4154 2951 4209; x_wconf 88' lang='lat' dir='ltr'><strong>Et</strong></span> <span class='ocrx_word' id='word_1_673' title='bbox 2980 4166 3179 4211; x_wconf 87' lang='lat' dir='ltr'><strong>natura</strong></span> <span class='ocrx_word' id='word_1_674' title='bbox 3203 4173 3429 4229; x_wconf 88' lang='lat' dir='ltr'><strong>compa-</strong></span> 
     </span>
    </p>
   </div>
   <div class='ocr_carea' id='block_1_92' title="bbox 1856 4246 3432 4318">
    <p class='ocr_par' dir='ltr' id='par_1_92' title="bbox 1856 4246 3432 4318">
     <span class='ocr_line' id='line_1_92' title="bbox 1856 4246 3432 4318; baseline 0.004 -19"><span class='ocrx_word' id='word_1_675' title='bbox 1856 4253 2034 4299; x_wconf 85' lang='lat' dir='ltr'><strong>ratum</strong></span> <span class='ocrx_word' id='word_1_676' title='bbox 2068 4255 2171 4308; x_wconf 90' lang='lat' dir='ltr'><strong>est,</strong></span> <span class='ocrx_word' id='word_1_677' title='bbox 2216 4255 2273 4300; x_wconf 92' lang='lat' dir='ltr'><strong>ut</strong></span> <span class='ocrx_word' id='word_1_678' title='bbox 2309 4246 2356 4299; x_wconf 90' lang='lat' dir='ltr'><strong>is</strong></span> <span class='ocrx_word' id='word_1_679' title='bbox 2397 4247 2488 4315; x_wconf 91' lang='lat' dir='ltr'><strong>qui</strong></span> <span class='ocrx_word' id='word_1_680' title='bbox 2517 4246 2830 4316; x_wconf 73' lang='lat' dir='ltr'><strong>prteﬁcitur,</strong></span> <span class='ocrx_word' id='word_1_681' title='bbox 2856 4264 2923 4302; x_wconf 80' lang='lat' dir='ltr'><strong>ex</strong></span> <span class='ocrx_word' id='word_1_682' title='bbox 2957 4251 3114 4318; x_wconf 86' lang='lat' dir='ltr'><strong>plena</strong></span> <span class='ocrx_word' id='word_1_683' title='bbox 3146 4249 3253 4305; x_wconf 84' lang='lat' dir='ltr'><strong>sibi</strong></span> <span class='ocrx_word' id='word_1_684' title='bbox 3300 4252 3432 4306; x_wconf 89' lang='lat' dir='ltr'><strong>sub-</strong></span> 
     </span>
    </p>
   </div>
   <div class='ocr_carea' id='block_1_93' title="bbox 1854 4339 3433 4407">
    <p class='ocr_par' dir='ltr' id='par_1_93' title="bbox 1854 4339 3433 4407">
     <span class='ocr_line' id='line_1_93' title="bbox 1854 4339 3433 4407; baseline 0.004 -18"><span class='ocrx_word' id='word_1_685' title='bbox 1854 4339 2093 4391; x_wconf 85' lang='lat' dir='ltr'><strong>ditorum</strong></span> <span class='ocrx_word' id='word_1_686' title='bbox 2118 4339 2460 4403; x_wconf 82' lang='lat' dir='ltr'><strong>assensione,</strong></span> <span class='ocrx_word' id='word_1_687' title='bbox 2488 4339 2543 4392; x_wconf 91' lang='lat' dir='ltr'><strong>in</strong></span> <span class='ocrx_word' id='word_1_688' title='bbox 2570 4339 2988 4395; x_wconf 89' lang='lat' dir='ltr'><strong>admirationem</strong></span> <span class='ocrx_word' id='word_1_689' title='bbox 3019 4342 3221 4396; x_wconf 87' lang='lat' dir='ltr'><strong>veniat.</strong></span> <span class='ocrx_word' id='word_1_690' title='bbox 3248 4341 3433 4407; x_wconf 86' lang='lat' dir='ltr'><strong>Quan-</strong></span> 
     </span>
    </p>
   </div>
   <div class='ocr_carea' id='block_1_94' title="bbox 1855 4429 3432 4498">
    <p class='ocr_par' dir='ltr' id='par_1_94' title="bbox 1855 4429 3432 4498">
     <span class='ocr_line' id='line_1_94' title="bbox 1855 4429 3432 4498; baseline 0.002 -15"><span class='ocrx_word' id='word_1_691' title='bbox 1855 4429 2150 4498; x_wconf 82' lang='lat' dir='ltr'><strong>duquidetn</strong></span> <span class='ocrx_word' id='word_1_692' title='bbox 2207 4430 2508 4484; x_wconf 87' lang='lat' dir='ltr'><strong>etiamnum</strong></span> <span class='ocrx_word' id='word_1_693' title='bbox 2575 4431 2816 4484; x_wconf 80' lang='lat' dir='ltr'><strong>maxime</strong></span> <span class='ocrx_word' id='word_1_694' title='bbox 2872 4445 3055 4485; x_wconf 86' lang='lat' dir='ltr'><strong>rerum</strong></span> <span class='ocrx_word' id='word_1_695' title='bbox 3104 4432 3432 4487; x_wconf 82' lang='lat' dir='ltr'><strong>absurditati</strong></span> 
     </span>
    </p>
   </div>
   <div class='ocr_carea' id='block_1_95' title="bbox 1854 4517 3432 4588">
    <p class='ocr_par' dir='ltr' id='par_1_95' title="bbox 1854 4517 3432 4588">
     <span class='ocr_line' id='line_1_95' title="bbox 1854 4517 3432 4588; baseline 0.004 -17"><span class='ocrx_word' id='word_1_696' title='bbox 1854 4520 2051 4588; x_wconf 80' lang='lat' dir='ltr'><strong>vulgus</strong></span> <span class='ocrx_word' id='word_1_697' title='bbox 2084 4517 2393 4583; x_wconf 74' lang='lat' dir='ltr'><strong>adhaerens,</strong></span> <span class='ocrx_word' id='word_1_698' title='bbox 2435 4519 2690 4584; x_wconf 83' lang='lat' dir='ltr'><strong>cirralos,</strong></span> <span class='ocrx_word' id='word_1_699' title='bbox 2720 4520 2967 4576; x_wconf 87' lang='lat' dir='ltr'><strong>intonsos</strong></span> <span class='ocrx_word' id='word_1_700' title='bbox 2998 4530 3051 4576; x_wconf 91' lang='lat' dir='ltr'><strong>et</strong></span> <span class='ocrx_word' id='word_1_701' title='bbox 3080 4537 3271 4578; x_wconf 92' lang='lat' dir='ltr'><strong>omnes</strong></span> <span class='ocrx_word' id='word_1_702' title='bbox 3329 4539 3432 4578; x_wconf 86' lang='lat' dir='ltr'><strong>au-</strong></span> 
     </span>
    </p>
   </div>
   <div class='ocr_carea' id='block_1_96' title="bbox 170 4609 1754 4685">
    <p class='ocr_par' dir='ltr' id='par_1_96' title="bbox 170 4609 1754 4685">
     <span class='ocr_line' id='line_1_96' title="bbox 170 4609 1754 4685; baseline -0.005 -16"><span class='ocrx_word' id='word_1_703' title='bbox 170 4615 488 4684; x_wconf 79' lang='grc' dir='ltr'>ἁδικούσης.</span> <span class='ocrx_word' id='word_1_704' title='bbox 517 4614 588 4666; x_wconf 83' lang='grc' dir='ltr'><strong>Τὸ</strong></span> <span class='ocrx_word' id='word_1_705' title='bbox 615 4615 722 4685; x_wconf 81' lang='grc' dir='ltr'><strong>γάρ</strong></span> <span class='ocrx_word' id='word_1_706' title='bbox 743 4613 887 4675; x_wconf 81' lang='grc' dir='ltr'>εἰκὸς</span> <span class='ocrx_word' id='word_1_707' title='bbox 912 4613 1082 4683; x_wconf 81' lang='grc' dir='ltr'>ἐφάνη</span> <span class='ocrx_word' id='word_1_708' title='bbox 1114 4611 1417 4680; x_wconf 89' lang='grc' dir='ltr'>γινόμενον,</span> <span class='ocrx_word' id='word_1_709' title='bbox 1449 4609 1478 4661; x_wconf 84' lang='grc' dir='ltr'>ὃ</span> <span class='ocrx_word' id='word_1_710' title='bbox 1505 4609 1569 4661; x_wconf 82' lang='grc' dir='ltr'><strong>σὺ</strong></span> <span class='ocrx_word' id='word_1_711' title='bbox 1595 4626 1754 4679; x_wconf 88' lang='grc' dir='ltr'>μετα-</span> 
     </span>
    </p>
   </div>
   <div class='ocr_carea' id='block_1_97' title="bbox 1857 4609 3431 4685">
    <p class='ocr_par' dir='ltr' id='par_1_97' title="bbox 1859 4610 3431 4680">
     <span class='ocr_line' id='line_1_97' title="bbox 1859 4610 3431 4680; baseline 0.004 -15"><span class='ocrx_word' id='word_1_712' title='bbox 1859 4610 2132 4671; x_wconf 87' lang='lat' dir='ltr'><strong>daeiores,</strong></span> <span class='ocrx_word' id='word_1_713' title='bbox 2164 4611 2370 4680; x_wconf 83' lang='lat' dir='ltr'><strong>primos</strong></span> <span class='ocrx_word' id='word_1_714' title='bbox 2404 4618 2459 4664; x_wconf 88' lang='lat' dir='ltr'><strong>et</strong></span> <span class='ocrx_word' id='word_1_715' title='bbox 2498 4611 2728 4665; x_wconf 82' lang='lat' dir='ltr'><strong>eximios</strong></span> <span class='ocrx_word' id='word_1_716' title='bbox 2775 4611 3044 4680; x_wconf 85' lang='lat' dir='ltr'><strong>quosdam</strong></span> <span class='ocrx_word' id='word_1_717' title='bbox 3101 4614 3253 4669; x_wconf 89' lang='lat' dir='ltr'><strong>viros</strong></span> <span class='ocrx_word' id='word_1_718' title='bbox 3308 4632 3431 4672; x_wconf 87' lang='lat' dir='ltr'><strong>esse</strong></span> 
     </span>
    </p>
   </div>
   <div class='ocr_carea' id='block_1_98' title="bbox 174 4701 1754 4776">
    <p class='ocr_par' dir='ltr' id='par_1_98' title="bbox 174 4701 1754 4776">
     <span class='ocr_line' id='line_1_98' title="bbox 174 4701 1754 4776; baseline -0.004 -16"><span class='ocrx_word' id='word_1_719' title='bbox 174 4708 363 4776; x_wconf 78' lang='grc' dir='ltr'>θήσεις</span> <span class='ocrx_word' id='word_1_720' title='bbox 397 4709 488 4759; x_wconf 56' lang='grc' dir='ltr'><strong>ἐπὶ¹</strong></span> <span class='ocrx_word' id='word_1_721' title='bbox 514 4707 571 4760; x_wconf 82' lang='grc' dir='ltr'><strong>τὸ</strong></span> <span class='ocrx_word' id='word_1_722' title='bbox 615 4708 890 4776; x_wconf 82' lang='grc' dir='ltr'>προσῆκον</span> <span class='ocrx_word' id='word_1_723' title='bbox 918 4707 1009 4758; x_wconf 72' lang='grc' dir='ltr'><strong>καὶ</strong></span> <span class='ocrx_word' id='word_1_724' title='bbox 1046 4706 1275 4775; x_wconf 84' lang='grc' dir='ltr'>βέλτιον,</span> <span class='ocrx_word' id='word_1_725' title='bbox 1293 4706 1422 4758; x_wconf 80' lang='grc' dir='ltr'>ὅταν</span> <span class='ocrx_word' id='word_1_726' title='bbox 1444 4701 1754 4776; x_wconf 77' lang='grc' dir='ltr'>ἐρρωμενέ-</span> 
     </span>
    </p>
   </div>
   <div class='ocr_carea' id='block_1_99' title="bbox 169 4793 1752 4871">
    <p class='ocr_par' dir='ltr' id='par_1_99' title="bbox 169 4793 1752 4871">
     <span class='ocr_line' id='line_1_99' title="bbox 169 4793 1752 4871; baseline -0.004 -17"><span class='ocrx_word' id='word_1_727' title='bbox 169 4800 370 4871; x_wconf 85' lang='grc' dir='ltr'>στερόν</span> <span class='ocrx_word' id='word_1_728' title='bbox 401 4816 493 4851; x_wconf 88' lang='grc' dir='ltr'><strong>σου</strong></span> <span class='ocrx_word' id='word_1_729' title='bbox 519 4799 588 4852; x_wconf 78' lang='grc' dir='ltr'>τὰ</span> <span class='ocrx_word' id='word_1_730' title='bbox 604 4798 921 4867; x_wconf 87' lang='grc' dir='ltr'>φιλοσοφίας</span> <span class='ocrx_word' id='word_1_731' title='bbox 944 4799 1270 4868; x_wconf 69' lang='grc' dir='ltr'>ἀνθάψηται.</span> <span class='ocrx_word' id='word_1_732' title='bbox 1315 4798 1468 4851; x_wconf 75' lang='grc' dir='ltr'>Ἐπεὶ</span> <span class='ocrx_word' id='word_1_733' title='bbox 1502 4796 1636 4867; x_wconf 85' lang='grc' dir='ltr'>μηδὲ</span> <span class='ocrx_word' id='word_1_734' title='bbox 1657 4793 1752 4847; x_wconf 83' lang='grc' dir='ltr'>νῦν</span> 
     </span>
    </p>
   </div>
   <div class='ocr_carea' id='block_1_100' title="bbox 172 4885 1755 4964">
    <p class='ocr_par' dir='ltr' id='par_1_100' title="bbox 172 4885 1755 4964">
     <span class='ocr_line' id='line_1_100' title="bbox 172 4885 1755 4964; baseline -0.008 -14"><span class='ocrx_word' id='word_1_735' title='bbox 172 4894 419 4964; x_wconf 86' lang='grc' dir='ltr'>ἀγεννῶς</span> <span class='ocrx_word' id='word_1_736' title='bbox 445 4891 671 4964; x_wconf 77' lang='grc' dir='ltr'>ἐνῆρξας</span> <span class='ocrx_word' id='word_1_737' title='bbox 689 4892 787 4960; x_wconf 81' lang='grc' dir='ltr'>τῆς</span> <span class='ocrx_word' id='word_1_738' title='bbox 824 4891 1296 4961; x_wconf 85' lang='grc' dir='ltr'>συμμαχίας,τοὺς</span> <span class='ocrx_word' id='word_1_739' title='bbox 1328 4888 1495 4951; x_wconf 85' lang='grc' dir='ltr'>κύνας</span> <span class='ocrx_word' id='word_1_740' title='bbox 1528 4885 1755 4940; x_wconf 83' lang='grc' dir='ltr'>ἀνθυλα·</span> 
     </span>
    </p>
   </div>
   <div class='ocr_carea' id='block_1_101' title="bbox 174 4974 1755 5051">
    <p class='ocr_par' dir='ltr' id='par_1_101' title="bbox 174 4974 1755 5051">
     <span class='ocr_line' id='line_1_101' title="bbox 174 4974 1755 5051; baseline -0.006 -16"><span class='ocrx_word' id='word_1_741' title='bbox 174 4981 405 5051; x_wconf 80' lang='grc' dir='ltr'>κτήσας,</span> <span class='ocrx_word' id='word_1_742' title='bbox 425 4982 518 5033; x_wconf 76' lang='grc' dir='ltr'>καὶ</span> <span class='ocrx_word' id='word_1_743' title='bbox 537 4980 633 5050; x_wconf 85' lang='grc' dir='ltr'>τὴν</span> <span class='ocrx_word' id='word_1_744' title='bbox 649 4979 934 5033; x_wconf 82' lang='grc' dir='ltr'>Δεκέλειαν</span> <span class='ocrx_word' id='word_1_745' title='bbox 955 4977 1110 5048; x_wconf 83' lang='grc' dir='ltr'>ημῶν</span> <span class='ocrx_word' id='word_1_746' title='bbox 1130 4977 1493 5047; x_wconf 81' lang='grc' dir='ltr'>ἀποτειχίζειν</span> <span class='ocrx_word' id='word_1_747' title='bbox 1511 4974 1755 5029; x_wconf 80' lang='grc' dir='ltr'>ἐπιλαϐό-</span> 
     </span>
    </p>
   </div>
   <div class='ocr_carea' id='block_1_102' title="bbox 174 5065 1743 5142">
    <p class='ocr_par' dir='ltr' id='par_1_102' title="bbox 174 5065 1743 5142">
     <span class='ocr_line' id='line_1_102' title="bbox 174 5065 1743 5142; baseline -0.004 -18"><span class='ocrx_word' id='word_1_748' title='bbox 174 5088 361 5142; x_wconf 85' lang='grc' dir='ltr'>μενος.</span> <span class='ocrx_word' id='word_1_749' title='bbox 390 5072 692 5141; x_wconf 84' lang='grc' dir='ltr'>Πυοόμενός</span> <span class='ocrx_word' id='word_1_750' title='bbox 708 5088 766 5123; x_wconf 90' lang='grc' dir='ltr'><strong>τε</strong></span> <span class='ocrx_word' id='word_1_751' title='bbox 789 5066 882 5124; x_wconf 78' lang='grc' dir='ltr'><strong>οὖν</strong></span> <span class='ocrx_word' id='word_1_752' title='bbox 898 5070 1023 5141; x_wconf 74' lang='grc' dir='ltr'>περὶ</span> <span class='ocrx_word' id='word_1_753' title='bbox 1043 5068 1136 5121; x_wconf 77' lang='grc' dir='ltr'><strong>σού</strong></span> <span class='ocrx_word' id='word_1_754' title='bbox 1156 5068 1301 5138; x_wconf 83' lang='grc' dir='ltr'>παρὰ</span> <span class='ocrx_word' id='word_1_755' title='bbox 1322 5067 1428 5120; x_wconf 84' lang='grc' dir='ltr'><strong>τῶν</strong></span> <span class='ocrx_word' id='word_1_756' title='bbox 1447 5065 1743 5138; x_wconf 78' lang='grc' dir='ltr'>προλαὸόν-</span> 
     </span>
    </p>
   </div>
   <div class='ocr_carea' id='block_1_103' title="bbox 176 5159 1749 5235">
    <p class='ocr_par' dir='ltr' id='par_1_103' title="bbox 176 5159 1749 5235">
     <span class='ocr_line' id='line_1_103' title="bbox 176 5159 1749 5235; baseline -0.005 -17"><span class='ocrx_word' id='word_1_757' title='bbox 176 5184 288 5218; x_wconf 83' lang='grc' dir='ltr'><strong>των</strong></span> <span class='ocrx_word' id='word_1_758' title='bbox 311 5167 401 5218; x_wconf 84' lang='grc' dir='ltr'><strong>ἐπί</strong></span> <span class='ocrx_word' id='word_1_759' title='bbox 418 5164 513 5235; x_wconf 81' lang='grc' dir='ltr'>τὴν</span> <span class='ocrx_word' id='word_1_760' title='bbox 545 5164 642 5235; x_wconf 83' lang='grc' dir='ltr'><strong>σὴν</strong></span> <span class='ocrx_word' id='word_1_761' title='bbox 671 5164 977 5234; x_wconf 84' lang='grc' dir='ltr'>συνήθειαν,</span> <span class='ocrx_word' id='word_1_762' title='bbox 1010 5162 1103 5214; x_wconf 76' lang='grc' dir='ltr'><strong>καὶ</strong></span> <span class='ocrx_word' id='word_1_763' title='bbox 1119 5160 1281 5221; x_wconf 79' lang='grc' dir='ltr'>αὐτὸς</span> <span class='ocrx_word' id='word_1_764' title='bbox 1296 5160 1362 5212; x_wconf 74' lang='grc' dir='ltr'>δι’</span> <span class='ocrx_word' id='word_1_765' title='bbox 1384 5159 1565 5228; x_wconf 85' lang='grc' dir='ltr'>ὀλίγου</span> <span class='ocrx_word' id='word_1_766' title='bbox 1592 5173 1749 5212; x_wconf 68' lang='grc' dir='ltr'><strong>κατα⁴</strong></span> 
     </span>
    </p>
   </div>
   <div class='ocr_carea' id='block_1_104' title="bbox 175 5250 1755 5332">
    <p class='ocr_par' dir='ltr' id='par_1_104' title="bbox 175 5250 1755 5332">
     <span class='ocr_line' id='line_1_104' title="bbox 175 5250 1755 5332; baseline -0.006 -20"><span class='ocrx_word' id='word_1_767' title='bbox 175 5263 375 5332; x_wconf 77' lang='grc' dir='ltr'>νοήσας</span> <span class='ocrx_word' id='word_1_768' title='bbox 406 5258 513 5328; x_wconf 81' lang='grc' dir='ltr'><strong>ἐρῶ</strong></span> <span class='ocrx_word' id='word_1_769' title='bbox 545 5259 670 5315; x_wconf 78' lang='grc' dir='ltr'>τοὺς</span> <span class='ocrx_word' id='word_1_770' title='bbox 709 5254 1135 5326; x_wconf 76' lang='grc' dir='ltr'>ἀστρονομικοὺς</span> <span class='ocrx_word' id='word_1_771' title='bbox 1181 5252 1481 5323; x_wconf 78' lang='grc' dir='ltr'>σπινθῆρας</span> <span class='ocrx_word' id='word_1_772' title='bbox 1536 5250 1755 5315; x_wconf 84' lang='grc' dir='ltr'>ἐνόντας</span> 
     </span>
    </p>
   </div>
   <div class='ocr_carea' id='block_1_105' title="bbox 173 5339 1756 5421">
    <p class='ocr_par' dir='ltr' id='par_1_105' title="bbox 173 5339 1756 5421">
     <span class='ocr_line' id='line_1_105' title="bbox 173 5339 1756 5421; baseline -0.006 -16"><span class='ocrx_word' id='word_1_773' title='bbox 173 5368 275 5407; x_wconf 81' lang='grc' dir='ltr'><strong>σου</strong></span> <span class='ocrx_word' id='word_1_774' title='bbox 310 5353 375 5421; x_wconf 76' lang='grc' dir='ltr'>τῇ</span> <span class='ocrx_word' id='word_1_775' title='bbox 404 5350 548 5419; x_wconf 72' lang='grc' dir='ltr'>ψυχῇ</span> <span class='ocrx_word' id='word_1_776' title='bbox 584 5347 805 5408; x_wconf 87' lang='grc' dir='ltr'>τούτους</span> <span class='ocrx_word' id='word_1_777' title='bbox 839 5344 1053 5414; x_wconf 75' lang='grc' dir='ltr'>ἐξάψαι,</span> <span class='ocrx_word' id='word_1_778' title='bbox 1084 5345 1176 5397; x_wconf 74' lang='grc' dir='ltr'><strong>καὶ</strong></span> <span class='ocrx_word' id='word_1_779' title='bbox 1210 5344 1301 5396; x_wconf 72' lang='grc' dir='ltr'><strong>ἐπὶ</strong></span> <span class='ocrx_word' id='word_1_780' title='bbox 1336 5344 1478 5414; x_wconf 87' lang='grc' dir='ltr'>μέγα</span> <span class='ocrx_word' id='word_1_781' title='bbox 1507 5339 1638 5413; x_wconf 83' lang='grc' dir='ltr'>ἆραι</span> <span class='ocrx_word' id='word_1_782' title='bbox 1668 5342 1756 5396; x_wconf 86' lang='grc' dir='ltr'><strong>διά</strong></span> 
     </span>
    </p>
   </div>
   <div class='ocr_carea' id='block_1_106' title="bbox 176 5433 1751 5507">
    <p class='ocr_par' dir='ltr' id='par_1_106' title="bbox 176 5433 1751 5507">
     <span class='ocr_line' id='line_1_106' title="bbox 176 5433 1751 5507; baseline -0.008 -11"><span class='ocrx_word' id='word_1_783' title='bbox 176 5443 288 5497; x_wconf 81' lang='grc' dir='ltr'><strong>τῶν</strong></span> <span class='ocrx_word' id='word_1_784' title='bbox 331 5441 558 5493; x_wconf 84' lang='grc' dir='ltr'>ἐνόντων</span> <span class='ocrx_word' id='word_1_785' title='bbox 592 5438 1027 5507; x_wconf 77' lang='grc' dir='ltr'>ἐπιϐαλλόμενος.</span> <span class='ocrx_word' id='word_1_786' title='bbox 1076 5433 1432 5506; x_wconf 83' lang='grc' dir='ltr'>Ἀστρονομία</span> <span class='ocrx_word' id='word_1_787' title='bbox 1469 5434 1577 5502; x_wconf 87' lang='grc' dir='ltr'>γὰρ</span> <span class='ocrx_word' id='word_1_788' title='bbox 1614 5434 1751 5503; x_wconf 84' lang='grc' dir='ltr'>αὐτή</span> 
     </span>
    </p>
   </div>
   <div class='ocr_carea' id='block_1_107' title="bbox 177 5523 1752 5600">
    <p class='ocr_par' dir='ltr' id='par_1_107' title="bbox 177 5523 1752 5600">
     <span class='ocr_line' id='line_1_107' title="bbox 177 5523 1752 5600; baseline -0.008 -13"><span class='ocrx_word' id='word_1_789' title='bbox 177 5551 242 5587; x_wconf 83' lang='grc' dir='ltr'><strong>τε</strong></span> <span class='ocrx_word' id='word_1_790' title='bbox 275 5528 612 5600; x_wconf 84' lang='grc' dir='ltr'>ὑπέρσεμνός</span> <span class='ocrx_word' id='word_1_791' title='bbox 658 5529 805 5581; x_wconf 82' lang='grc' dir='ltr'>ἐστιν</span> <span class='ocrx_word' id='word_1_792' title='bbox 845 5528 1148 5597; x_wconf 84' lang='grc' dir='ltr'>ἐπιστήμη,</span> <span class='ocrx_word' id='word_1_793' title='bbox 1198 5526 1290 5578; x_wconf 65' lang='grc' dir='ltr'>καὶ</span> <span class='ocrx_word' id='word_1_794' title='bbox 1334 5525 1452 5595; x_wconf 77' lang='grc' dir='ltr'>τάχ’</span> <span class='ocrx_word' id='word_1_795' title='bbox 1483 5523 1752 5577; x_wconf 77' lang='grc' dir='ltr'>ἀναϐιϐα-</span> 
     </span>
    </p>
   </div>
   <div class='ocr_carea' id='block_1_108' title="bbox 178 5614 1755 5694">
    <p class='ocr_par' dir='ltr' id='par_1_108' title="bbox 178 5614 1755 5694">
     <span class='ocr_line' id='line_1_108' title="bbox 178 5614 1755 5694; baseline -0.007 -17"><span class='ocrx_word' id='word_1_796' title='bbox 178 5623 320 5694; x_wconf 78' lang='grc' dir='ltr'>σμὺς</span> <span class='ocrx_word' id='word_1_797' title='bbox 347 5620 437 5675; x_wconf 84' lang='grc' dir='ltr'><strong>ἐπί</strong></span> <span class='ocrx_word' id='word_1_798' title='bbox 459 5638 510 5674; x_wconf 86' lang='grc' dir='ltr'><strong>τι</strong></span> <span class='ocrx_word' id='word_1_799' title='bbox 531 5619 899 5691; x_wconf 76' lang='grc' dir='ltr'>πρεσϐύτερον</span> <span class='ocrx_word' id='word_1_800' title='bbox 928 5616 1121 5687; x_wconf 85' lang='grc' dir='ltr'>γένοιτ’</span> <span class='ocrx_word' id='word_1_801' title='bbox 1151 5617 1236 5671; x_wconf 80' lang='grc' dir='ltr'><strong>ἄν·</strong></span> <span class='ocrx_word' id='word_1_802' title='bbox 1262 5616 1329 5686; x_wconf 81' lang='grc' dir='ltr'>ἣν</span> <span class='ocrx_word' id='word_1_803' title='bbox 1352 5614 1463 5684; x_wconf 87' lang='grc' dir='ltr'><strong>ἐγὼ</strong></span> <span class='ocrx_word' id='word_1_804' title='bbox 1489 5614 1755 5686; x_wconf 78' lang='grc' dir='ltr'>προσεχὲς</span> 
     </span>
    </p>
   </div>
   <div class='ocr_carea' id='block_1_109' title="bbox 179 5706 1755 5790">
    <p class='ocr_par' dir='ltr' id='par_1_109' title="bbox 179 5706 1755 5790">
     <span class='ocr_line' id='line_1_109' title="bbox 179 5706 1755 5790; baseline -0.01 -16"><span class='ocrx_word' id='word_1_805' title='bbox 179 5718 419 5790; x_wconf 70' lang='grc' dir='ltr'>ἠγοῦμαι</span> <span class='ocrx_word' id='word_1_806' title='bbox 449 5713 741 5788; x_wconf 83' lang='grc' dir='ltr'>πορθμεῖον</span> <span class='ocrx_word' id='word_1_807' title='bbox 772 5716 872 5781; x_wconf 82' lang='grc' dir='ltr'>τῆς</span> <span class='ocrx_word' id='word_1_808' title='bbox 905 5713 1214 5785; x_wconf 71' lang='grc' dir='ltr'>ἀπορρήτου</span> <span class='ocrx_word' id='word_1_809' title='bbox 1241 5709 1547 5777; x_wconf 77' lang='grc' dir='ltr'>θεολογίας.</span> <span class='ocrx_word' id='word_1_810' title='bbox 1581 5706 1755 5778; x_wconf 83' lang='grc' dir='ltr'>Ὕλην</span> 
     </span>
    </p>
   </div>
   <div class='ocr_carea' id='block_1_110' title="bbox 1859 4699 3432 4771">
    <p class='ocr_par' dir='ltr' id='par_1_110' title="bbox 1859 4699 3432 4771">
     <span class='ocr_line' id='line_1_110' title="bbox 1859 4699 3432 4771; baseline 0.003 -15"><span class='ocrx_word' id='word_1_811' title='bbox 1859 4712 2066 4756; x_wconf 87' lang='lat' dir='ltr'><strong>censet.</strong></span> <span class='ocrx_word' id='word_1_812' title='bbox 2098 4699 2323 4771; x_wconf 79' lang='lat' dir='ltr'><strong>Reliqua</strong></span> <span class='ocrx_word' id='word_1_813' title='bbox 2375 4710 2582 4764; x_wconf 87' lang='lat' dir='ltr'><strong>autem,</strong></span> <span class='ocrx_word' id='word_1_814' title='bbox 2638 4703 2813 4771; x_wconf 87' lang='lat' dir='ltr'><strong>magis</strong></span> <span class='ocrx_word' id='word_1_815' title='bbox 2864 4702 3015 4755; x_wconf 88' lang='lat' dir='ltr'><strong>varia</strong></span> <span class='ocrx_word' id='word_1_816' title='bbox 3063 4712 3117 4757; x_wconf 91' lang='lat' dir='ltr'><strong>et</strong></span> <span class='ocrx_word' id='word_1_817' title='bbox 3152 4705 3432 4760; x_wconf 86' lang='lat' dir='ltr'><strong>callidiora</strong></span> 
     </span>
    </p>
   </div>
   <div class='ocr_carea' id='block_1_111' title="bbox 1861 4793 3434 4862">
    <p class='ocr_par' dir='ltr' id='par_1_111' title="bbox 1861 4793 3434 4862">
     <span class='ocr_line' id='line_1_111' title="bbox 1861 4793 3434 4862; baseline 0.003 -15"><span class='ocrx_word' id='word_1_818' title='bbox 1861 4794 2230 4862; x_wconf 81' lang='lat' dir='ltr'><strong>sophistarum</strong></span> <span class='ocrx_word' id='word_1_819' title='bbox 2260 4808 2457 4861; x_wconf 85' lang='lat' dir='ltr'><strong>genera</strong></span> <span class='ocrx_word' id='word_1_820' title='bbox 2495 4801 2706 4846; x_wconf 85' lang='lat' dir='ltr'><strong>tantum</strong></span> <span class='ocrx_word' id='word_1_821' title='bbox 2743 4809 2851 4846; x_wconf 92' lang='lat' dir='ltr'><strong>non</strong></span> <span class='ocrx_word' id='word_1_822' title='bbox 2888 4793 3037 4847; x_wconf 91' lang='lat' dir='ltr'><strong>omni</strong></span> <span class='ocrx_word' id='word_1_823' title='bbox 3061 4794 3210 4848; x_wconf 90' lang='lat' dir='ltr'><strong>cultu</strong></span> <span class='ocrx_word' id='word_1_824' title='bbox 3240 4803 3293 4848; x_wconf 87' lang='lat' dir='ltr'><strong>et</strong></span> <span class='ocrx_word' id='word_1_825' title='bbox 3341 4812 3434 4851; x_wconf 91' lang='lat' dir='ltr'><strong>ve-</strong></span> 
     </span>
    </p>
   </div>
   <div class='ocr_carea' id='block_1_112' title="bbox 1860 4885 3431 4961">
    <p class='ocr_par' dir='ltr' id='par_1_112' title="bbox 1860 4885 3431 4961">
     <span class='ocr_line' id='line_1_112' title="bbox 1860 4885 3431 4961; baseline 0.003 -24"><span class='ocrx_word' id='word_1_826' title='bbox 1860 4885 2145 4939; x_wconf 86' lang='lat' dir='ltr'><strong>neratione</strong></span> <span class='ocrx_word' id='word_1_827' title='bbox 2188 4895 2619 4954; x_wconf 88' lang='lat' dir='ltr'><strong>prosequuntur,</strong></span> <span class='ocrx_word' id='word_1_828' title='bbox 2665 4900 2759 4938; x_wconf 87' lang='lat' dir='ltr'><strong>eos</strong></span> <span class='ocrx_word' id='word_1_829' title='bbox 2822 4886 3120 4953; x_wconf 64' lang='lat' dir='ltr'><strong>praesertim</strong></span> <span class='ocrx_word' id='word_1_830' title='bbox 3173 4887 3431 4961; x_wconf 75' lang='lat' dir='ltr'><strong>quicum</strong></span> 
     </span>
    </p>
   </div>
   <div class='ocr_carea' id='block_1_113' title="bbox 1860 4976 3431 5046">
    <p class='ocr_par' dir='ltr' id='par_1_113' title="bbox 1860 4976 3431 5046">
     <span class='ocr_line' id='line_1_113' title="bbox 1860 4976 3431 5046; baseline 0.001 -15"><span class='ocrx_word' id='word_1_831' title='bbox 1860 4979 2012 5031; x_wconf 87' lang='lat' dir='ltr'><strong>clava</strong></span> <span class='ocrx_word' id='word_1_832' title='bbox 2046 4984 2139 5029; x_wconf 91' lang='lat' dir='ltr'><strong>aut</strong></span> <span class='ocrx_word' id='word_1_833' title='bbox 2167 4976 2413 5045; x_wconf 85' lang='lat' dir='ltr'><strong>scipione</strong></span> <span class='ocrx_word' id='word_1_834' title='bbox 2464 4976 2742 5039; x_wconf 90' lang='lat' dir='ltr'><strong>incedunt,</strong></span> <span class='ocrx_word' id='word_1_835' title='bbox 2798 4984 2851 5030; x_wconf 91' lang='lat' dir='ltr'><strong>et</strong></span> <span class='ocrx_word' id='word_1_836' title='bbox 2896 4982 3059 5045; x_wconf 89' lang='lat' dir='ltr'><strong>sputa</strong></span> <span class='ocrx_word' id='word_1_837' title='bbox 3099 4984 3225 5031; x_wconf 88' lang='lat' dir='ltr'><strong>ante</strong></span> <span class='ocrx_word' id='word_1_838' title='bbox 3268 4992 3431 5046; x_wconf 84' lang='lat' dir='ltr'><strong>quam</strong></span> 
     </span>
    </p>
   </div>
   <div class='ocr_carea' id='block_1_114' title="bbox 1862 5065 3432 5136">
    <p class='ocr_par' dir='ltr' id='par_1_114' title="bbox 1862 5065 3432 5136">
     <span class='ocr_line' id='line_1_114' title="bbox 1862 5065 3432 5136; baseline 0 -15"><span class='ocrx_word' id='word_1_839' title='bbox 1862 5068 2026 5121; x_wconf 89' lang='lat' dir='ltr'><strong>verba</strong></span> <span class='ocrx_word' id='word_1_840' title='bbox 2070 5066 2327 5121; x_wconf 80' lang='lat' dir='ltr'><strong>fundunt.</strong></span> <span class='ocrx_word' id='word_1_841' title='bbox 2365 5065 2547 5132; x_wconf 86' lang='lat' dir='ltr'><strong>Quare</strong></span> <span class='ocrx_word' id='word_1_842' title='bbox 2586 5074 2640 5121; x_wconf 89' lang='lat' dir='ltr'><strong>et</strong></span> <span class='ocrx_word' id='word_1_843' title='bbox 2674 5067 2871 5136; x_wconf 80' lang='lat' dir='ltr'><strong>iniqua:</strong></span> <span class='ocrx_word' id='word_1_844' title='bbox 2905 5067 3063 5129; x_wconf 86' lang='lat' dir='ltr'><strong>sorti,</strong></span> <span class='ocrx_word' id='word_1_845' title='bbox 3112 5082 3218 5135; x_wconf 90' lang='lat' dir='ltr'><strong>qua</strong></span> <span class='ocrx_word' id='word_1_846' title='bbox 3252 5067 3432 5136; x_wconf 87' lang='lat' dir='ltr'><strong>philo-</strong></span> 
     </span>
    </p>
   </div>
   <div class='ocr_carea' id='block_1_115' title="bbox 1858 5158 3432 5228">
    <p class='ocr_par' dir='ltr' id='par_1_115' title="bbox 1858 5158 3432 5228">
     <span class='ocr_line' id='line_1_115' title="bbox 1858 5158 3432 5228; baseline 0 -14"><span class='ocrx_word' id='word_1_847' title='bbox 1858 5160 2052 5228; x_wconf 81' lang='lat' dir='ltr'><strong>80phia</strong></span> <span class='ocrx_word' id='word_1_848' title='bbox 2081 5161 2270 5219; x_wconf 89' lang='lat' dir='ltr'><strong>utitur,</strong></span> <span class='ocrx_word' id='word_1_849' title='bbox 2304 5173 2615 5218; x_wconf 88' lang='lat' dir='ltr'><strong>suceurres.</strong></span> <span class='ocrx_word' id='word_1_850' title='bbox 2640 5173 2815 5228; x_wconf 89' lang='lat' dir='ltr'><strong>neque</strong></span> <span class='ocrx_word' id='word_1_851' title='bbox 2846 5158 2991 5211; x_wconf 87' lang='lat' dir='ltr'><strong>illam</strong></span> <span class='ocrx_word' id='word_1_852' title='bbox 3026 5159 3432 5228; x_wconf 85' lang='lat' dir='ltr'><strong>criminaberis,</strong></span> 
     </span>
    </p>
   </div>
   <div class='ocr_carea' id='block_1_116' title="bbox 1860 5249 3432 5320">
    <p class='ocr_par' dir='ltr' id='par_1_116' title="bbox 1860 5249 3432 5320">
     <span class='ocr_line' id='line_1_116' title="bbox 1860 5249 3432 5320; baseline -0.002 -15"><span class='ocrx_word' id='word_1_853' title='bbox 1860 5268 1983 5320; x_wconf 76' lang='lat' dir='ltr'><strong>qua:</strong></span> <span class='ocrx_word' id='word_1_854' title='bbox 2006 5250 2256 5320; x_wconf 88' lang='lat' dir='ltr'><strong>injuriam</strong></span> <span class='ocrx_word' id='word_1_855' title='bbox 2285 5266 2393 5305; x_wconf 91' lang='lat' dir='ltr'><strong>non</strong></span> <span class='ocrx_word' id='word_1_856' title='bbox 2423 5249 2574 5303; x_wconf 79' lang='lat' dir='ltr'><strong>facit.</strong></span> <span class='ocrx_word' id='word_1_857' title='bbox 2622 5250 2755 5303; x_wconf 84' lang='lat' dir='ltr'><strong>Nam</strong></span> <span class='ocrx_word' id='word_1_858' title='bbox 2786 5264 2895 5319; x_wconf 90' lang='lat' dir='ltr'><strong>quo</strong></span> <span class='ocrx_word' id='word_1_859' title='bbox 2948 5265 3163 5319; x_wconf 68' lang='lat' dir='ltr'><strong>aequum</strong></span> <span class='ocrx_word' id='word_1_860' title='bbox 3215 5260 3270 5305; x_wconf 89' lang='lat' dir='ltr'><strong>et</strong></span> <span class='ocrx_word' id='word_1_861' title='bbox 3300 5266 3432 5303; x_wconf 80' lang='lat' dir='ltr'><strong>eon-</strong></span> 
     </span>
    </p>
   </div>
   <div class='ocr_carea' id='block_1_117' title="bbox 1860 5341 3432 5411">
    <p class='ocr_par' dir='ltr' id='par_1_117' title="bbox 1860 5341 3432 5411">
     <span class='ocr_line' id='line_1_117' title="bbox 1860 5341 3432 5411; baseline -0.001 -12"><span class='ocrx_word' id='word_1_862' title='bbox 1860 5352 2182 5399; x_wconf 85' lang='lat' dir='ltr'><strong>sentancum</strong></span> <span class='ocrx_word' id='word_1_863' title='bbox 2210 5350 2314 5404; x_wconf 90' lang='lat' dir='ltr'><strong>est,</strong></span> <span class='ocrx_word' id='word_1_864' title='bbox 2349 5341 2402 5396; x_wconf 92' lang='lat' dir='ltr'><strong>id</strong></span> <span class='ocrx_word' id='word_1_865' title='bbox 2435 5343 2689 5411; x_wconf 87' lang='lat' dir='ltr'><strong>apparuit</strong></span> <span class='ocrx_word' id='word_1_866' title='bbox 2725 5343 2857 5397; x_wconf 84' lang='lat' dir='ltr'><strong>ﬁeri.</strong></span> <span class='ocrx_word' id='word_1_867' title='bbox 2898 5342 3009 5397; x_wconf 89' lang='lat' dir='ltr'><strong>Hoc</strong></span> <span class='ocrx_word' id='word_1_868' title='bbox 3040 5352 3095 5397; x_wconf 89' lang='lat' dir='ltr'><strong>ttt</strong></span> <span class='ocrx_word' id='word_1_869' title='bbox 3128 5344 3432 5397; x_wconf 82' lang='lat' dir='ltr'><strong>transferes</strong></span> 
     </span>
    </p>
   </div>
   <div class='ocr_carea' id='block_1_118' title="bbox 1858 5432 3430 5504">
    <p class='ocr_par' dir='ltr' id='par_1_118' title="bbox 1858 5432 3430 5504">
     <span class='ocr_line' id='line_1_118' title="bbox 1858 5432 3430 5504; baseline -0.001 -15"><span class='ocrx_word' id='word_1_870' title='bbox 1858 5434 2011 5489; x_wconf 90' lang='lat' dir='ltr'><strong>adid</strong></span> <span class='ocrx_word' id='word_1_871' title='bbox 2060 5432 2206 5504; x_wconf 89' lang='lat' dir='ltr'><strong>quod</strong></span> <span class='ocrx_word' id='word_1_872' title='bbox 2263 5434 2436 5503; x_wconf 86' lang='lat' dir='ltr'><strong>magis</strong></span> <span class='ocrx_word' id='word_1_873' title='bbox 2488 5434 2746 5487; x_wconf 89' lang='lat' dir='ltr'><strong>decorum</strong></span> <span class='ocrx_word' id='word_1_874' title='bbox 2807 5444 2863 5489; x_wconf 89' lang='lat' dir='ltr'><strong>et</strong></span> <span class='ocrx_word' id='word_1_875' title='bbox 2919 5434 3274 5504; x_wconf 63' lang='lat' dir='ltr'><strong>prastantius</strong></span> <span class='ocrx_word' id='word_1_876' title='bbox 3324 5437 3430 5495; x_wconf 81' lang='lat' dir='ltr'><strong>est,</strong></span> 
     </span>
    </p>
   </div>
   <div class='ocr_carea' id='block_1_119' title="bbox 1861 5518 3433 5594">
    <p class='ocr_par' dir='ltr' id='par_1_119' title="bbox 1861 5518 3433 5594">
     <span class='ocr_line' id='line_1_119' title="bbox 1861 5518 3433 5594; baseline -0.002 -17"><span class='ocrx_word' id='word_1_877' title='bbox 1861 5521 2084 5594; x_wconf 88' lang='lat' dir='ltr'><strong>quando</strong></span> <span class='ocrx_word' id='word_1_878' title='bbox 2139 5523 2410 5577; x_wconf 84' lang='lat' dir='ltr'><strong>valentius</strong></span> <span class='ocrx_word' id='word_1_879' title='bbox 2460 5532 2515 5577; x_wconf 88' lang='lat' dir='ltr'><strong>et</strong></span> <span class='ocrx_word' id='word_1_880' title='bbox 2564 5521 2884 5593; x_wconf 85' lang='lat' dir='ltr'><strong>ﬂagrantius</strong></span> <span class='ocrx_word' id='word_1_881' title='bbox 2946 5530 2999 5577; x_wconf 90' lang='lat' dir='ltr'><strong>te</strong></span> <span class='ocrx_word' id='word_1_882' title='bbox 3057 5518 3433 5591; x_wconf 81' lang='lat' dir='ltr'><strong>philosophica</strong></span> 
     </span>
    </p>
   </div>
   <div class='ocr_carea' id='block_1_120' title="bbox 1862 5609 3430 5680">
    <p class='ocr_par' dir='ltr' id='par_1_120' title="bbox 1862 5609 3430 5680">
     <span class='ocr_line' id='line_1_120' title="bbox 1862 5609 3430 5680; baseline -0.003 -12"><span class='ocrx_word' id='word_1_883' title='bbox 1862 5610 2233 5680; x_wconf 83' lang='lat' dir='ltr'><strong>eorripuerint</strong></span> <span class='ocrx_word' id='word_1_884' title='bbox 2262 5628 2275 5664; x_wconf 92' lang='lat'><strong>:</strong></span> <span class='ocrx_word' id='word_1_885' title='bbox 2313 5625 2437 5664; x_wconf 83' lang='lat' dir='ltr'><strong>cum</strong></span> <span class='ocrx_word' id='word_1_886' title='bbox 2471 5626 2542 5665; x_wconf 91' lang='lat' dir='ltr'><strong>ne</strong></span> <span class='ocrx_word' id='word_1_887' title='bbox 2570 5627 2717 5665; x_wconf 86' lang='lat' dir='ltr'><strong>nunc</strong></span> <span class='ocrx_word' id='word_1_888' title='bbox 2747 5609 2967 5680; x_wconf 88' lang='lat' dir='ltr'><strong>quidem</strong></span> <span class='ocrx_word' id='word_1_889' title='bbox 3023 5609 3259 5678; x_wconf 86' lang='lat' dir='ltr'><strong>segniter</strong></span> <span class='ocrx_word' id='word_1_890' title='bbox 3302 5621 3430 5677; x_wconf 55' lang='lat' dir='ltr'><strong>pro:</strong></span> 
     </span>
    </p>
   </div>
   <div class='ocr_carea' id='block_1_121' title="bbox 1862 5700 3430 5776">
    <p class='ocr_par' dir='ltr' id='par_1_121' title="bbox 1862 5700 3430 5776">
     <span class='ocr_line' id='line_1_121' title="bbox 1862 5700 3430 5776; baseline -0.003 -19"><span class='ocrx_word' id='word_1_891' title='bbox 1862 5702 2249 5776; x_wconf 86' lang='lat' dir='ltr'><strong>pugnationem</strong></span> <span class='ocrx_word' id='word_1_892' title='bbox 2283 5703 2513 5760; x_wconf 87' lang='lat' dir='ltr'><strong>adortus</strong></span> <span class='ocrx_word' id='word_1_893' title='bbox 2541 5704 2658 5760; x_wconf 88' lang='lat' dir='ltr'><strong>sis:</strong></span> <span class='ocrx_word' id='word_1_894' title='bbox 2699 5704 2899 5774; x_wconf 87' lang='lat' dir='ltr'><strong>quippe</strong></span> <span class='ocrx_word' id='word_1_895' title='bbox 2937 5702 3030 5773; x_wconf 94' lang='lat' dir='ltr'><strong>qui</strong></span> <span class='ocrx_word' id='word_1_896' title='bbox 3078 5702 3311 5756; x_wconf 86' lang='lat' dir='ltr'><strong>canibus</strong></span> <span class='ocrx_word' id='word_1_897' title='bbox 3350 5700 3430 5753; x_wconf 83' lang='lat' dir='ltr'><strong>la-</strong></span> 
     </span>
    </p>
   </div>
   <div class='ocr_carea' id='block_1_122' title="bbox 3470 1469 3509 1503">
    <p class='ocr_par' dir='ltr' id='par_1_122' title="bbox 3470 1469 3509 1503">
     <span class='ocr_line' id='line_1_122' title="bbox 3470 1469 3509 1503; baseline 0 0"><span class='ocrx_word' id='word_1_898' title='bbox 3470 1469 3509 1503; x_wconf 92' lang='lat'>\</span> 
     </span>
    </p>
   </div>
   <div class='ocr_carea' id='block_1_123' title="bbox 3562 1477 3587 1503">
    <p class='ocr_par' dir='ltr' id='par_1_123' title="bbox 3562 1477 3587 1503">
     <span class='ocr_line' id='line_1_123' title="bbox 3562 1477 3587 1503; baseline 0 -2"><span class='ocrx_word' id='word_1_899' title='bbox 3562 1477 3587 1503; x_wconf 88' lang='lat'><strong><em>/</em></strong></span> 
     </span>
    </p>
   </div>
   <div class='ocr_carea' id='block_1_124' title="bbox 3530 1506 3587 1547">
    <p class='ocr_par' dir='ltr' id='par_1_124' title="bbox 3530 1506 3587 1547">
     <span class='ocr_line' id='line_1_124' title="bbox 3530 1506 3587 1547; baseline 0.035 -2"><span class='ocrx_word' id='word_1_900' title='bbox 3530 1506 3587 1547; x_wconf 49' lang='lat'><strong>«{’,</strong></span> 
     </span>
    </p>
   </div>
   <div class='ocr_carea' id='block_1_125' title="bbox 3499 1546 3603 1588">
    <p class='ocr_par' dir='ltr' id='par_1_125' title="bbox 3499 1546 3603 1588">
     <span class='ocr_line' id='line_1_125' title="bbox 3499 1546 3603 1588; baseline 0 0"><span class='ocrx_word' id='word_1_901' title='bbox 3499 1546 3529 1588; x_wconf 58' lang='grc' dir='ltr'>κ’</span> 
     </span>
    </p>
   </div>
  </div>
