3762 6230
441 261 583 320 Ιῖὦ

1520 264 1789 321 SY‘NESII
1820 264 2288 322 FTDLEMMDIS
2321 266 2634 324 EPISCOPI

3599 267 3702 322 l5£l

438 374 713 430 trautilms
745 374 1032 437 allatrasti,
1077 383 1130 430 et
1181 374 1450 430 Deceliam
1485 379 1647 434 nobis
1694 395 1853 433 muro
1896 383 1982 434 ciu

2168 399 2175 432 ι
2209 381 2316 452 γὰρ
2351 381 2717 452 ὐποῦἐσληται
2745 381 2806 434 τὸ
2841 379 3106 452 μακάριον
3139 379 3382 449 οὐρανοῦ
3428 379 3636 449 σῶμα·
3662 378 3703 433 οἱ

437 480 564 535 gere
594 464 833 534 cmpisti.
866 464 989 519 Harc
1021 467 1184 528 igitur
1216 482 1340 521 cum
1375 471 1684 539 acceperim
1743 473 1812 527 de
1865 481 1916 528 te
1949 479 2014 525 an

437 560 505 614 iis
535 558 626 625 qui
657 565 784 611 aute
811 573 895 612 me
945 559 998 612 in
1037 557 1472 616 familiaritatem
1521 572 1670 617 tuam
1721 579 2012 628 venerunt,

436 657 489 702 et
521 650 636 718 ipse
663 664 842 718 parvae
901 653 1320 708 consuetmliuis
1354 671 1455 709 usu
1512 657 2010 720 animadverterim,

434 754 570 790 aveo
599 740 1004 796 astrunomicas
1063 743 1186 796 illas
1244 745 1297 796 in
1335 745 1517 799 animo
1554 755 1649 800 tuo
1711 749 2013 804 insidentes

429 831 700 886 scintillas
732 832 1044 897 incendere,
1077 843 1130 888 et
1158 835 1210 886 in
1246 837 1416 888 altqu
1451 853 1546 906 per
1575 854 1639 891 ea
1670 854 1792 907 qua:
1815 841 2013 894 adsunt

434 934 607 972 conor
635 937 983 991 exaggerate.
1031 925 1386 979 Astronomia
1418 930 1562 981 enim
1595 943 1808 984 summe
1843 929 2012 984 houeo

432 1020 514 1064 sta
545 1019 600 1064 et
627 1015 935 1067 veneranda
961 1016 1191 1070 scientia
1221 1026 1326 1080 est,
1363 1017 1598 1074 fortasse
1627 1021 1693 1074 ad
1731 1024 2010 1093 antiquius

432 1102 638 1170 aliquid
669 1104 947 1159 traductio
980 1115 1033 1159 et
1070 1108 1308 1161 sublatio
1331 1126 1453 1164 esse
1484 1113 1688 1179 possit:
1721 1130 1883 1182 quam
1909 1131 2010 1185 ego

431 1196 803 1250 continentem
839 1200 1130 1266 quemdam
1169 1201 1459 1269 trajectum
1492 1220 1614 1259 esse
1659 1207 1855 1275 opinor
1884 1223 2007 1262 cum

430 1287 715 1342 recondita
749 1290 1053 1360 theologia.
1091 1291 1225 1346 Nam
1257 1295 1558 1363 subjectam
1593 1301 1878 1354 materiam
1912 1303 2008 1355 ha-

427 1377 520 1431 bet
551 1379 768 1432 beatum
799 1381 930 1435 illud
977 1385 1104 1436 caeli
1137 1399 1359 1453 corpus,
1421 1388 1581 1453 cujus
1607 1391 1768 1444 etiam
1802 1401 2006 1447 motum

429 1468 626 1521 mentis
681 1469 1046 1524 imitationem.
1084 1475 1280 1528 habere
1345 1478 1619 1536 nobilibus
1659 1495 1712 1536 et
1752 1486 1916 1540 claris
1954 1489 2006 1540 in

429 1555 772 1625 philosophia
815 1560 948 1614 viris
1000 1562 1234 1626 videtur,
1283 1576 1333 1618 et
1381 1567 1446 1619 ad
1505 1569 2007 1629 demonstrationes

427 1661 536 1700 non
567 1658 926 1710 controverso
958 1655 1119 1707 modo
1150 1671 1207 1709 se
1237 1657 1450 1710 confert
1487 1679 1498 1712 ι
1536 1661 1631 1714 sed
1665 1664 2005 1723 administris

419 1739 601 1792 utitur
648 1746 945 1810 geometria
975 1753 1028 1797 et
1069 1747 1436 1812 arithmetica,
1466 1768 1603 1820 quas
1635 1754 1680 1809 si
1741 1759 1866 1825 quis
1915 1760 1999 1813 in-

415 1841 702 1886 errantem
759 1841 813 1886 et
871 1850 978 1888 non
1033 1835 1310 1892 fallentem
1340 1843 1586 1898 veritatis
1620 1848 1860 1916 regulam
1904 1866 2000 1921 ap-

414 1923 658 1990 pellarit,
701 1925 1120 1995 haudquaquam
1175 1946 1204 1982 a
1240 1931 1444 1986 decoro
1488 1935 1778 1994 abcrrarit.
1821 1941 2005 1998 Oll‘ero

2122 475 2214 526 καὶ
2241 475 2340 544 τὴν
2370 475 2606 545 κίνησιν,
2645 473 2736 527 νοῦ
2769 474 2999 544 μίμησιν
3035 469 3195 534 εἶναι,
3240 474 3362 535 τοῖς
3415 489 3701 540 κορυφαιο-

2115 568 2298 629 τάτοις
2337 568 2394 619 ἐν
2445 565 2734 636 φιλοσοφίᾳ
2769 565 2950 618 δοκεῖ·
3003 564 3097 617 καὶ
3123 563 3217 617 ἐπὶ
3249 562 3359 625 τὰς
3406 563 3702 628 ἀποδείξεις
3741 559 3756 606 >

2115 660 2217 712 οὐκ
2276 657 2776 729 ἀμφισϐητησίμως
2845 655 3171 727 πορεύεταιο
3226 654 3348 708 ἀλλ’
3421 656 3700 724 ὑπηρέπει

2116 753 2314 822 χρῆται
2344 750 2660 821 γεωμετρίᾳ
2693 749 2787 803 καὶ
2823 749 3182 818 ἀριθμητικῇ,
3218 747 3288 811 ἃς
3317 748 3600 818 ἀστραδῆ
3629 749 3703 814 τῆς

2114 844 2372 912 ἀληθείας
2402 843 2602 896 κανόνα
2632 859 2714 904 τις
2737 839 2924 903 είπὼν,
2954 840 3054 892 οὐκ
3079 838 3143 892 ἂν
3174 840 3428 909 ἁμάρτοι
3455 839 3564 892 τοῦ
3595 839 3700 907 πρέ·

2115 954 2324 999 ποντος.
2382 934 2646 1006 Προσάγω
2701 934 2764 1002 δή
2823 951 2905 987 σοι
2956 932 3145 1002 δῶρον,
3203 932 3330 1000 ἐμοί
3387 947 3455 983 τε
3512 931 3701 992 δοῦναι,

2116 1030 2197 1080 σοί
2235 1045 2294 1080 τε
2335 1027 2519 1080 λαϐεῖν
2559 1025 3040 1097 πρεπωδέστατονο
3089 1023 3330 1084 διανοίας
3399 1022 3510 1092 μὲν
3563 1023 3700 1091 ἔργον

2113 1118 2284 1188 ἐμῆς,
2316 1119 2416 1171 ὅσα
2460 1135 2550 1187 μοι
2600 1117 3002 1185 συνευπόρησεν
3034 1115 3066 1184 ή
3102 1113 3553 1183 σεδασμιωτάτη
3588 1113 3702 1166 6955.-
3759 1169 3762 1190 Ι

2119 1211 2349 1273 σκαλος’
2399 1209 2578 1280 χειρὸς
2634 1209 2691 1261 δέ
2727 1207 2837 1260 τῶν
2876 1207 2994 1259 καθ’
3031 1208 3176 1277 ἡμᾶς
3205 1209 3288 1269 είς
3333 1207 3699 1276 δημιουργίαν

2111 1303 2352 1373 ἀργύρου
2382 1305 2479 1373 τῆς
2505 1301 2756 1372 ἀρίστης.
2798 1299 2931 1370 Περὶ
2958 1297 3018 1354 οὗ
3045 1298 3471 1370 προδιαλεχθεὶς
3510 1298 3700 1394 1:993:5-
3760 1377 3762 1394 Ι

2110 1414 2206 1466 γου
2249 1414 2302 1448 τι
2351 1395 2418 1449 ἂν
2460 1394 2540 1465 τῷ
2579 1395 2766 1463 σκοπῷ
2810 1396 3118 1464 ποιήσαιμι.
3161 1394 3218 1446 '0
3249 1393 3307 1445 δὲ
3341 1394 3586 1454 σκοπὸς,
3614 1392 3698 1452 τὰς
3760 1392 3762 1426 i

2112 1491 2168 1540 ἐν
2199 1488 2281 1540 σοὶ
2313 1487 2546 1556 φυσικὰς
2573 1489 2702 1557 περὶ
2727 1485 3042 1555 φιλοσοφίαν
3067 1484 3240 1555 ὁρμὰς
3263 1481 3695 1536 ἐκκαλέσασθαι.
3759 1487 3762 1542 !

2113 1578 2174 1631 Εἰ
2201 1579 2308 1650 γὰρ
2348 1578 2533 1648 ἔφεσίς
2576 1596 2657 1630 σοι
2694 1578 3053 1647 παραγένοιτο
3084 1575 3178 1628 τοῦ
3215 1575 3583 1627 συντείνοντα
3613 1575 3696 1634 τὰς

2108 1669 2260 1738 ὕψεις
2286 1669 2561 1723 ἐπιϐαλεῖν
2588 1670 2667 1740 τῷ
2690 1669 3014 1740 φαινομένῳ,
3041 1668 3160 1720 τότε
3193 1683 3275 1719 σοι
3305 1667 3508 1770 μεῖξον
3536 1663 3697 1770 ὀρέξω
3759 1663 3762 1770 1

2103 1762 2295 1834 δῶρον,
2323 1763 2392 1816 τὰ
2418 1764 2547 1834 περὶ
2572 1764 2671 1834 τῆς
2691 1763 3001 1833 ἐπιστήμης
3029 1761 3215 1830 αὐτῆς.
3259 1759 3412 1811 Ἀλλ’
3436 1759 3595 1820 ὅπως
3615 1758 3697 1809 καὶ

2105 1854 2200 1906 νῦν
2252 1853 2537 1925 προσέξεις
2594 1856 2706 1916 τοῖς
2763 1853 3077 1923 λεγομένοις
3133 1852 3262 1922 περὶ
3316 1849 3423 1903 τοῦ
3488 1850 3694 1903 δεικνυ-

2115 1952 2298 2017 μένου.

428 2017 596 2085 igitur
640 2019 738 2073 tibi
783 2035 982 2074 multus
1034 2027 1179 2092 quod
1231 2033 1284 2078 et
1340 2043 1425 2082 me
1468 2029 1620 2097 dare,
1661 2033 1819 2105 311
1867 2047 1914 2091 et
1951 2047 2006 2095 te
2078 2045 2327 2112 accipere
2397 2045 2633 2098 maxime
2683 2043 2915 2096 deceat:
2962 2056 3100 2110 opus
3139 2038 3363 2108 quidem
3417 2034 3693 2104 excogita-

420 2105 593 2160 tiouis
621 2116 845 2172 nostrae,
873 2119 1141 2178 quantum
1174 2112 1307 2166 mihi
1341 2115 1395 2169 in
1427 2117 1532 2171 hoc
1595 2136 1792 2189 genere
1815 2131 2046 2184 contulit
2087 2140 2140 2184 et
2195 2105 2562 2202 suppeditavit
2601 2132 3056 2187 revereudissima
3132 2129 3395 2201 magistra
3427 2148 3443 2182 :
3503 2141 3690 2179 manus

422 2205 602 2250 autem
628 2213 694 2252 ex
725 2199 791 2254 iis
819 2215 940 2269 qua:
973 2202 1115 2272 apud
1153 2219 1253 2258 nos
1313 2218 1441 2262 sunt
1505 2211 1571 2264 ad
1640 2224 1956 2283 argenteum
2023 2199 2317 2290 opiﬁcium
2359 2225 2752 2281 elaborandum
2815 2199 3303 2296 praestantissuma.
3359 2219 3445 2273 De
3504 2233 3615 2288 quo
3650 2217 3688 2268 si

422 2294 681 2360 prmfatus
743 2295 952 2366 aliquid
988 2298 1164 2364 fuero,
1203 2319 1382 2372 operte
1418 2309 1651 2375 pretium
1683 2315 1828 2380 quod
1881 2317 1951 2370 sit
1998 2320 2062 2372 ad
2099 2323 2350 2376 notitiam
2381 2323 2554 2393 scopi,
2585 2294 2919 2394 praestitero.
2956 2320 3170 2391 Sc0pus
3201 2327 3388 2372 autem
3443 2325 3540 2371 est
3601 2329 3688 2366 na-

416 2395 557 2440 tura:
589 2387 643 2440 in
675 2396 726 2442 te
753 2389 820 2442 ad
849 2389 1247 2461 philosophiam
1272 2395 1620 2456 incitationes
1651 2403 1994 2477 impetusque
2031 2427 2351 2479 provocare.
2388 2387 2549 2481 Quod
2583 2387 2626 2470 si
2651 2414 2927 2485 cupiditas
2998 2423 3048 2468 te
3083 2410 3376 2466 incesserit
3443 2411 3688 2462 intentos

413 2483 609 2534 oculos
649 2483 969 2538 admovendi
1029 2487 1098 2540 iis
1129 2503 1252 2556 quae
1295 2505 1582 2561 apparent,
1642 2505 1772 2553 tunc
1810 2504 1986 2571 majus
2029 2509 2122 2560 tibi
2157 2526 2354 2565 munus
2420 2511 2694 2581 porrigam
2728 2483 2812 2566 ﬁde
2885 2510 2954 2565 iis
2990 2523 3113 2578 quae
3161 2507 3226 2561 ad
3265 2509 3451 2575 ipsam
3511 2507 3683 2561 scien-

417 2576 548 2626 tiam
587 2575 924 2633 rel‘eruntur.
958 2577 1064 2634 Sed
1099 2589 1322 2637 utnunc
1348 2588 1512 2641 etiam
1565 2590 1816 2648 advertas
1849 2606 2084 2651 mentem
2123 2602 2191 2654 iis
2221 2617 2343 2672 qua:
2363 2575 2622 2657 dicuntur
2661 2604 2728 2659 de
2755 2618 2819 2657 eo
2849 2602 2994 2671 quod
3030 2601 3487 2656 demonstratur.

488 2668 739 2724 Globosae
786 2674 1095 2741 superticiei
1141 2681 1643 2746 complanationem
1696 2687 1750 2740 in
1812 2689 1996 2760 ﬁgurae

415 2759 738 2814 diversitate
770 2763 1018 2817 eamdem
1063 2768 1332 2822 rationem
1384 2785 1829 2841 conservanlem,
1860 2759 1996 2835 sub-

416 2850 656 2904 obscure
697 2853 920 2921 quidem
969 2860 1179 2912 notavit
1228 2859 1572 2931 Hipparchus
1621 2868 1713 2922 ille
1762 2874 1994 2940 peranti-

412 2956 578 3010 quus,
613 2952 667 2996 et
691 2944 902 3013 primus
925 2945 1054 3002 huic
1073 2954 1526 3022 contemplationi
1563 2958 1834 3015 incubuit.
1879 2962 1990 3019 Nos

413 3045 542 3085 vero
563 3035 583 3102 (
604 3034 709 3088 nisi
737 3034 878 3090 forte
907 3038 1173 3107 grandius
1207 3041 1310 3096 hoc
1339 3045 1431 3107 sit,
1466 3062 1628 3116 quam
1663 3061 1721 3105 ttt
1749 3052 1800 3105 id
1832 3054 1990 3110 nobis

407 3123 758 3196 tribuamus)
795 3142 971 3198 usque
1004 3130 1070 3183 ad
1099 3141 1397 3189 extremam
1431 3136 1659 3194 ﬁmbriae
1685 3157 1836 3196 oram
1873 3161 1991 3214 per-

2168 2699 2468 2769 Σφαιρικῆς
2487 2697 2806 2766 ἐπιφανείας
2829 2697 3151 2763 ἐξάπλωσιν,
3174 2693 3494 2761 ταυτότητα
3518 2693 3689 2761 λόγων

2096 2791 2154 2842 ἐν
2183 2791 2461 2862 ἑτερότητι
2504 2791 2611 2842 τῶν
2658 2790 2951 2859 σχημάτων
2984 2787 3279 2858 τηροῦσαν,
3329 2786 3567 2856 ᾐνίξατο
3597 2785 3690 2854 μὲν

2097 2883 2402 2955 Ἵππαρχος
2430 2886 2457 2936 ὁ
2484 2882 2854 2952 παμπάλαιος,
2884 2881 2978 2933 καὶ
3006 2878 3232 2930 ἐπέθετο
3265 2894 3329 2944 γε
3362 2876 3593 2945 πρῶτος
3616 2875 3690 2943 τῷ

2096 2975 2404 3045 σκέμματι’
2436 2977 2594 3044 ἡμεῖς
2626 2973 2684 3026 δὲ
2723 2973 2806 3042 (εί
2842 2972 2915 3042 μὴ
2956 2970 3138 3041 μεῖζον
3180 2968 3214 3039 ἢ
3266 2967 3394 3020 καθ’
3430 2969 3590 3037 ἡμᾶς
3620 2968 3692 3018 εἱ-

2099 3066 2239 3136 πεῖν)
2280 3063 2626 3136 ἐξυφήναμέν
2657 3080 2717 3115 τε
2747 3065 2874 3134 ἄχρι
2907 3062 3015 3114 τῶν
3043 3060 3372 3132 κρασπέδων
3406 3058 3570 3118 αὐτὸ,
3601 3059 3692 3109 καὶ

2098 3155 2516 3225 ἐτελειώσαμεν,
2555 3155 2613 3204 ἐν
2657 3153 2895 3223 πλείστῳ
2924 3153 2986 3222 δή
3021 3169 3127 3205 τινι
3154 3150 3232 3219 τῷ
3266 3149 3483 3218 μεταξῦ
3512 3149 3693 3218 χρόνῳ

404 3216 687 3272 texuimus
715 3227 770 3272 et
813 3219 1174 3290 absolvimus,
1207 3240 1330 3279 cum
1380 3228 1620 3298 plurimo
1672 3234 1767 3290 illo
1823 3236 1988 3292 inter-

2168 3249 2188 3300 5
2211 3216 2417 3318 προδλή
2427 3267 2592 3319 ματος
2611 3216 2994 3318 ἀμεληθέντος,
3022 3216 3362 3313 Πτολεμαίου
3390 3242 3491 3296 τοῦ
3515 3216 3691 3305 πάνυ,

405 3307 557 3376 jecto
590 3318 836 3380 tempore
884 3313 1162 3381 problems
1212 3319 1519 3388 neglectum
1577 3324 1808 3381 fuisset:
1842 3331 1987 3399 quod

405 3413 660 3456 summus
690 3402 782 3456 ille
833 3401 1191 3470 Ptolemaeus,
1247 3418 1302 3463 et
1342 3411 1586 3466 divinum
1642 3416 1788 3471 istud
1827 3422 1990 3477 colle-

403 3492 558 3562 gium
594 3508 983 3550 successorum
1015 3498 1156 3567 ejus,
1196 3501 1342 3557 illius
1377 3513 1584 3559 tantum
1617 3524 1720 3563 usu
1746 3516 1987 3568 contenti

408 3585 640 3644 fuerint.
683 3601 844 3654 quem
903 3589 971 3641 ad
1020 3602 1415 3646 nocturnarum
1468 3596 1726 3653 horarum
1774 3614 1989 3670 specta-

410 3675 613 3728 tionem
643 3678 1010 3744 praestandam
1047 3681 1288 3736 sedecim
1344 3686 1449 3740 illa
1511 3682 1681 3745 stellae
1737 3697 1987 3765 suppedi-

401 3775 547 3829 tant,
580 3782 716 3834 quas
747 3771 894 3822 solas
940 3769 1288 3839 Hipparchus
1322 3776 1666 3835 transferens
1710 3782 1987 3854 disposuit

407 3870 463 3908 in
494 3872 720 3927 organo.
752 3856 922 3913 Venia
949 3871 1129 3916 tamen
1166 3868 1518 3923 concedenda
1549 3874 1698 3938 viris,
1736 3890 1859 3930 cum
1911 3895 1986 3934 ea:

405 3964 530 4013 res,
569 3965 690 4018 qua:
731 3950 956 4019 majoris
997 3959 1254 4012 momenti
1286 3962 1747 4034 emolumentique
1791 3980 1982 4034 erant,

402 4047 523 4094 tum
569 4049 751 4096 essent
785 4044 1140 4113 inabsolutaa;
1177 4058 1231 4103 et
1263 4053 1429 4107 veluti
1476 4055 1656 4111 adlmc
1699 4059 1768 4113 ab
1817 4063 1985 4119 ubere

404 4134 650 4202 pendens
692 4145 746 4190 et
793 4139 989 4192 tenella
1037 4145 1368 4211 geometria,
1413 4148 1457 4202 si
1501 4150 1554 4202 in
1591 4151 1984 4221 hypothesibus

404 4223 728 4282 laborarint.
758 4226 866 4285 Nos
906 4241 1086 4286 autem
1142 4250 1240 4303 pro
1294 4238 1578 4295 elaborato
1617 4244 1984 4311 pulcherrimo

401 4329 635 4385 corpore
685 4321 926 4377 scientiae
972 4323 1168 4395 hujus,
1231 4341 1354 4382 cum
1401 4331 1452 4385 id
1490 4333 1608 4386 sine
1650 4336 1761 4388 ullo
1797 4338 1984 4394 labore

402 4417 594 4470 nostro
638 4413 899 4468 traditum
949 4421 1326 4488 acceperimus
1359 4464 1373 4487 ,
1436 4427 1666 4495 gratiam
1717 4429 1981 4485 habemus

402 4499 510 4556 illis
543 4504 636 4572 qui
677 4519 1119 4572 praemonuerunt
1165 4511 1340 4569 beatis
1374 4516 1546 4572 viris:
1581 4535 1686 4572 non
1737 4528 1917 4576 tamen
1950 4537 1979 4576 a

2096 3341 2312 3394 καὶτοῦ
2341 3341 2626 3394 Θεσπεσίου
2661 3339 2849 3392 θιάσου
2890 3338 2997 3390 τῶν
3036 3335 3472 3402 διαδεξαμένων,
3521 3335 3692 3404 αὐτὴν

2096 3433 2263 3502 μόνην
2281 3431 2422 3500 ἔχειν
2444 3429 2844 3499 ἀγαπησάντων
2859 3428 2957 3496 τὴν
2985 3425 3190 3496 χρείαν·
3211 3424 3280 3493 ῆν
3300 3422 3598 3493 ἀρκοῦσαν
3615 3427 3693 3484 εἰς

2090 3522 2151 3572 τὸ
2206 3520 2520 3590 νυκτερινὸν
2576 3519 2942 3589 ὡροσκοπεῖον
2989 3517 3038 3568 ol
3098 3513 3399 3566 ἑκκαίδεκα
3448 3513 3693 3583 ἀστέρες

2092 3613 2436 3682 παρείχοντο,
2470 3609 2563 3674 οὓς
2597 3609 2790 3680 μόνους
2821 3609 3120 3678 Ἵππαρχος
3161 3604 3477 3676 μετατιθεὶς
3520 3607 3690 3672 ἐγκα-

2091 3704 2313 3768 τέταξεν
2339 3703 2415 3774 τῷ
2443 3703 2675 3774 ὀργάνῳ.
2719 3703 2828 3754 Καὶ
2861 3701 3153 3770 συγγνώμη
3188 3698 3241 3751 δὲ
3267 3701 3383 3760 τοῖς
3417 3698 3689 3767 ἀνδράσιν

2087 3796 2196 3848 τῶν
2241 3794 2706 3867 προύργιαιτέρων
2753 3792 2956 3847 ἀτελῶν
2994 3792 3182 3852 ὅντων,
3216 3789 3579 3860 γεωμετρίας
3607 3789 3686 3841 ἐτι

2085 3886 2525 3956 τιθηνουμένης,
2586 3885 2713 3956 περὶ
2776 3886 2877 3948 τὰς
2939 3882 3224 3945 ὑποθέσεις
3276 3881 3680 3952 ἀσχοληθῆδαι.

2102 3977 2292 4046 Ἡμεῖς
2339 3975 2395 4028 δὲ
2440 3976 2577 4048 ὑπὲρ
2615 3974 2708 4028 τοῦ
2749 3975 2906 4043 σῶμα
2945 3973 3226 4040 πάγκαλον
3267 3971 3682 4041 ἐξεργάσασθε-ι

2085 4067 2185 4135 τῆς
2221 4069 2548 4138 ἐπιστήμης,
2583 4069 2794 4130 ἀπόνως
2827 4067 2978 4120 αὐτοὶ
3021 4063 3479 4135 παραδεξάμενοι,
3513 4065 3682 4134 χάριν

2088 4161 2137 4212 ῖσ
2145 4178 2243 4231 μεν
2256 4164 2367 4224 τοῖς
2381 4160 2783 4231 προηγορηκόσι
2800 4159 2907 4212 τῶν
2927 4159 3208 4230 μακαρίων
3221 4156 3453 4226 ἀνδρῶν.
3472 4158 3553 4209 Οὐ
3569 4157 3681 4227 μὴν

2084 4253 2408 4320 ἀφιλόσοφον
2458 4251 2763 4321 φιλοτιμίαν
2818 4249 3093 4320 ἡγούμεθα
3125 4250 3186 4301 τὸ
3221 4249 3317 4302 καὶ
3350 4247 3680 4318 ὼραῖσμοὺς

2083 4345 2470 4413 ἐπεισαγαγεῖν
2492 4343 2591 4415 ήδη
2608 4343 2779 4408 τινὰς,
2797 4344 2892 4395 καὶ
2907 4341 3240 4411 τεχνιτεῦσαι
3273 4358 3349 4404 τι,
3365 4342 3460 4394 καὶ
3493 4358 3678 4407 προσ-

2083 4434 2479 4506 εξεργάσασθαι
2494 4434 2979 4506 περιττόν.Ὥσπερ
2995 4433 3104 4505 γὰρ
3116 4433 3171 4487 al
3190 4431 3368 4496 πόλεις
3388 4432 3679 4502 οἰκιζόμεο

2083 4544 2170 4578 ναι
2193 4526 2326 4596 πρὸς
2344 4525 2410 4578 τὰ
2430 4527 2700 4593 ἀναγκαῖα
2721 4525 2855 4595 μόνα
2872 4524 3089 4595 ὁρῶσιν,
3120 4525 3268 4586 ὅπως
3291 4525 3357 4577 ἂν
3378 4523 3669 4586 σώζοιντο,

401 4593 744 4663 philosophia
783 4599 1022 4653 alienum
1071 4604 1310 4658 studium
1361 4608 1642 4674 ducimus,
1681 4621 1731 4666 et
1763 4615 1974 4684 expoli-

2168 4638 2178 4670 ι
2212 4619 2360 4681 ὅπως
2391 4617 2456 4671 ἂν
2491 4617 2826 4684 διαγίνοιντο·
2855 4615 3188 4669 ἐπιδιδοῦσαι
3217 4615 3269 4668 δὲ
3296 4616 3397 4668 οὐκ
3429 4615 3505 4668 ἐτ’
3528 4619 3675 4683 ἀγα-

398 4685 577 4739 tiones
630 4689 910 4755 speeiosas
961 4693 1121 4746 modo
1192 4695 1578 4762 introducere,
1639 4712 1802 4773 atque
1858 4715 1976 4760 arte

398 4777 575 4830 moliri
611 4779 908 4850 quidpiam,
937 4786 1171 4853 amplius
1221 4797 1385 4856 atque
1425 4791 1726 4860 elegantius
1765 4797 1971 4865 aliquid

397 4869 678 4935 perﬁcere.
701 4870 1175 4936 Quemadmodum
1207 4880 1352 4932 enim
1379 4880 1541 4936 urbes
1567 4899 1688 4936 cuin
1722 4887 1972 4942 condun-

395 4964 520 5021 tur,
575 4965 640 5012 ad
694 4968 1003 5020 necessaria
1049 4975 1265 5021 tantum
1305 4973 1642 5040 respiciunt,
1695 4979 1972 5044 quomodo

395 5054 708 5106 conservari
751 5063 805 5109 et
851 5054 1053 5110 durare
1095 5061 1305 5126 possint
1351 5079 1363 5114 :
1402 5074 1756 5132 augescentes
1783 5077 1965 5123 autent

395 5156 502 5195 non
541 5145 772 5212 amplius
815 5152 1144 5206 necessariis
1192 5151 1302 5209 illis
1348 5164 1616 5210 contentae
1655 5167 1815 5225 sunt,
1871 5161 1965 5216 sed

394 5234 629 5286 maxima
654 5249 781 5303 pars
815 5237 1212 5307 impendiorum
1241 5244 1352 5312 jam
1377 5247 1431 5300 in
1469 5249 1716 5316 porticus
1753 5253 1968 5321 specio-

393 5336 485 5376 sas
515 5331 569 5377 et
598 5328 1010 5396 gymnasiorum
1053 5331 1462 5400 amplitudinem
1507 5339 1866 5405 transfertur,
1913 5350 1967 5394 et

391 5413 497 5467 fori
543 5415 912 5483 splendorem.
967 5418 1043 5472 Ita
1087 5423 1332 5478 scientiae
1375 5426 1558 5483 aditus
1606 5431 1861 5485 consistit
1913 5433 1966 5485 iu

391 5504 557 5558 robus
586 5509 914 5563 necessariis
935 5549 949 5572 ,
977 5511 1374 5568 incrementum
1399 5530 1578 5573 autem
1615 5519 1668 5572 in
1695 5521 1966 5576 excellen-

389 5593 641 5651 tieribus.
665 5597 815 5653 llanc
843 5615 972 5670 ergo
1003 5601 1070 5656 de
1102 5604 1482 5672 explanatione
1534 5611 1676 5677 globi
1713 5611 1966 5667 conside-

390 5686 690 5752 rationem,
738 5688 898 5758 312
930 5706 1055 5746 cum
1086 5693 1257 5764 ipsam
1288 5712 1387 5766 per
1432 5715 1490 5756 se
1522 5699 1739 5772 dignam
1777 5702 1962 5760 studio

2079 4708 2258 4760 πιῖισιν
2287 4708 2347 4760 τὸ
2373 4705 2868 4776 ἀναγκαῖον,ἁλ).’ή
2896 4706 3109 4774 δαπάνη
3135 4704 3331 4758 πλείων
3356 4705 3559 4768 αὑταῖς
3588 4708 3672 4768 εἰς

2077 4797 2247 4866 κάλλη
2297 4797 2465 4850 στοῶν
2505 4797 2594 4850 καὶ
2640 4795 2956 4864 γυμνασίων
3002 4795 3259 4864 μετετέθη
3289 4794 3400 4867 [πρ.
3425 4796 3672 4870 μεγέθη]

2076 4890 2170 4944 καὶ
2187 4889 2548 4960 λαμπρότητα
2566 4891 2789 4960 ἀγορᾶς.
2806 4887 2992 4952 Οὕτως
3014 4889 3322 4959 ἐπιστήμης
3341 4890 3374 4957 ή
3398 4889 3500 4956 μὲν
3520 4891 3672 4960 πρό-

2071 4980 2188 5045 οδος
2230 4983 2287 5032 ἐν
2312 4983 2426 5042 τοῖς
2462 4981 2797 5048 ἀναγκαίοις,
2829 4983 2863 5050 ἠ
2898 4980 2953 5033 δὲ
2981 4979 3207 5049 αὔξησις
3235 4981 3292 5032 ἐν
3319 4978 3434 5042 τοῖς
3466 4997 3672 5051 περιτ-

2076 5077 2206 5135 τοῖς.
2234 5073 2305 5125 Τὸ
2325 5074 2380 5126 δὲ
2411 5071 2524 5143 [πο.
2547 5072 2635 5143 δὴ]
2661 5073 2882 5144 σκέμμα
2910 5073 2969 5126 τὸ
2995 5074 3120 5142 περὶ
3147 5072 3245 5140 τῆς
3270 5070 3667 5135 ἐξαπλὼσεως,

2076 5165 2209 5218 αὐτὸ
2242 5165 2307 5218 δι’
2341 5165 2474 5218 αὐτὸ
2515 5165 2794 5235 φροντίδος
2826 5164 3155 5230 ἀξιώσαντες
3177 5205 3192 5226 ,
3245 5165 3547 5234 ἐξεπονήσα
3558 5167 3664 5233 μέν

2074 5272 2133 5307 τε
2159 5257 2250 5309 καὶ
2276 5258 2612 5327 σύγγραμμα
2635 5255 3029 5325 είργασάμεθα,
3059 5253 3254 5324 πλήθει
3278 5272 3337 5307 τε
3368 5254 3664 5322 ἀναγκαίῳ

2076 5347 2170 5399 καὶ
2200 5346 2444 5418 ποικιλίᾳ
2487 5347 2858 5415 θεωρημάτων
2903 5346 3035 5399 αὐτὸ
3083 5344 3655 5406 καταπυκνώσαντες·

2071 5437 2166 5489 καὶ
2201 5439 2278 5498 είς
2307 5435 2438 5505 ὕλην
2487 5435 2800 5506 μεταθεῖναι
2847 5437 2973 5498 τοὺς
3015 5435 3206 5503 λόγους
3254 5434 3493 5504 σπουδὴν
3539 5433 3660 5487 sos-

2076 5526 2238 5594 μεθα,
2284 5525 2506 5595 ἄγαλμα
2547 5526 2826 5591 πάγκαλον
2858 5525 2949 5579 τοῦ
2985 5525 3251 5595 κοσμικοῦ
3281 5525 3524 5587 πλάτους
3557 5525 3658 5593 8r;-

2073 5619 2521 5688 μιουργήσαντες.
2575 5619 2687 5687 Τῆς
2733 5617 2791 5671 δὲ
2823 5619 2990 5688 αὐτῆς
3037 5618 3227 5702 ἐφόδου
3265 5617 3365 5671 καὶ
3397 5617 3662 5669 ἐπίπεδον

2070 5706 2411 5774 ἐπιφάνειαν,
2444 5707 2537 5760 καὶ
2579 5707 2678 5777 τὴν
2703 5707 2911 5779 ὁμαλὴν
2943 5707 3126 5780 κοίλην
3166 5710 3248 5773 εἰς
3288 5709 3420 5774 τοὺς
3455 5709 3665 5772 αὐτοὺς
