  <div class='ocr_page' id='page_1' title='image "/cluster/home/n/w/nwhite01/storage/ocr_20150623/66/nnc1.0021886636/864.png"; bbox 0 0 3762 6230; ppageno 0'>
   <div class='ocr_carea' id='block_1_1' title="bbox 69 325 238 381">
    <p class='ocr_par' dir='ltr' id='par_1_1' title="bbox 69 325 238 381">
     <span class='ocr_line' id='line_1_1' title="bbox 69 325 238 381; baseline 0.012 -2"><span class='ocrx_word' id='word_1_1' title='bbox 69 325 238 381; x_wconf 66' lang='grc'><strong>1585</strong></span> 
     </span>
    </p>
   </div>
   <div class='ocr_carea' id='block_1_2' title="bbox 1197 335 2235 404">
    <p class='ocr_par' dir='ltr' id='par_1_2' title="bbox 1197 335 2235 404">
     <span class='ocr_line' id='line_1_2' title="bbox 1197 335 2235 404; baseline 0.014 -15"><span class='ocrx_word' id='word_1_2' title='bbox 1197 336 1282 390; x_wconf 76' lang='grc' dir='ltr'>ΒΕ</span> <span class='ocrx_word' id='word_1_3' title='bbox 1318 337 1497 392; x_wconf 67' lang='grc' dir='ltr'><strong>ΠΟΝο</strong></span> <span class='ocrx_word' id='word_1_4' title='bbox 1527 335 1943 397; x_wconf 70' lang='lat' dir='ltr'><strong>ASTROLABII</strong></span> <span class='ocrx_word' id='word_1_5' title='bbox 1981 344 2235 404; x_wconf 74' lang='lat' dir='ltr'><strong>SERM‘O.</strong></span> 
     </span>
    </p>
   </div>
   <div class='ocr_carea' id='block_1_3' title="bbox 3219 341 3363 397">
    <p class='ocr_par' dir='ltr' id='par_1_3' title="bbox 3219 341 3363 397">
     <span class='ocr_line' id='line_1_3' title="bbox 3219 341 3363 397; baseline 0 -1"><span class='ocrx_word' id='word_1_6' title='bbox 3219 344 3240 396; x_wconf 78' lang='lat' dir='ltr'><strong>l</strong></span> <span class='ocrx_word' id='word_1_7' title='bbox 3258 341 3363 397; x_wconf 71' lang='lat'><strong>586</strong></span> 
     </span>
    </p>
   </div>
   <div class='ocr_carea' id='block_1_4' title="bbox 67 435 1552 527">
    <p class='ocr_par' dir='ltr' id='par_1_4' title="bbox 67 435 1552 519">
     <span class='ocr_line' id='line_1_4' title="bbox 67 435 1552 519; baseline 0.008 -30"><span class='ocrx_word' id='word_1_8' title='bbox 67 435 294 506; x_wconf 81' lang='grc' dir='ltr'><strong>λόγους</strong></span> <span class='ocrx_word' id='word_1_9' title='bbox 325 437 542 508; x_wconf 77' lang='grc' dir='ltr'><strong>τέμνειν</strong></span> <span class='ocrx_word' id='word_1_10' title='bbox 586 439 855 512; x_wconf 84' lang='grc' dir='ltr'>διδούσης.</span> <span class='ocrx_word' id='word_1_11' title='bbox 908 446 1336 516; x_wconf 84' lang='grc' dir='ltr'>συγγενεστέραν</span> <span class='ocrx_word' id='word_1_12' title='bbox 1390 449 1552 519; x_wconf 61' lang='grc' dir='ltr'>ήγοὺι</span> 
     </span>
    </p>
   </div>
   <div class='ocr_carea' id='block_1_5' title="bbox 1881 435 3366 527">
    <p class='ocr_par' dir='ltr' id='par_1_5' title="bbox 1886 456 3366 527">
     <span class='ocr_line' id='line_1_5' title="bbox 1886 456 3366 527; baseline 0 -18"><span class='ocrx_word' id='word_1_13' title='bbox 1886 470 2019 510; x_wconf 85' lang='lat' dir='ltr'><strong>cura</strong></span> <span class='ocrx_word' id='word_1_14' title='bbox 2059 460 2481 522; x_wconf 73' lang='lat' dir='ltr'><strong>statuissemus,</strong></span> <span class='ocrx_word' id='word_1_15' title='bbox 2517 459 2958 519; x_wconf 74' lang='lat' dir='ltr'><strong>elaboravi-mus,</strong></span> <span class='ocrx_word' id='word_1_16' title='bbox 3003 465 3061 511; x_wconf 81' lang='lat' dir='ltr'><strong>et</strong></span> <span class='ocrx_word' id='word_1_17' title='bbox 3099 456 3366 527; x_wconf 79' lang='lat' dir='ltr'><strong>scriptum</strong></span> 
     </span>
    </p>
   </div>
   <div class='ocr_carea' id='block_1_6' title="bbox 70 527 1686 612">
    <p class='ocr_par' dir='ltr' id='par_1_6' title="bbox 70 527 1686 612">
     <span class='ocr_line' id='line_1_6' title="bbox 70 527 1686 612; baseline 0.007 -33"><span class='ocrx_word' id='word_1_18' title='bbox 70 527 188 598; x_wconf 83' lang='grc' dir='ltr'>τὴν</span> <span class='ocrx_word' id='word_1_19' title='bbox 211 529 470 582; x_wconf 71' lang='grc' dir='ltr'>ὁπωσοῦν</span> <span class='ocrx_word' id='word_1_20' title='bbox 497 529 683 600; x_wconf 87' lang='grc' dir='ltr'>κοίλην</span> <span class='ocrx_word' id='word_1_21' title='bbox 709 534 774 602; x_wconf 80' lang='grc' dir='ltr'><strong>τῇ</strong></span> <span class='ocrx_word' id='word_1_22' title='bbox 799 531 980 585; x_wconf 85' lang='grc' dir='ltr'>τέλεον</span> <span class='ocrx_word' id='word_1_23' title='bbox 1011 539 1273 607; x_wconf 73' lang='grc' dir='ltr'><strong>σφαιρικῇ</strong></span> <span class='ocrx_word' id='word_1_24' title='bbox 1299 555 1311 567; x_wconf 88' lang='grc'><strong>·</strong></span> <span class='ocrx_word' id='word_1_25' title='bbox 1345 537 1686 612; x_wconf 76' lang='grc' dir='ltr'>ὑπεμδο).αίᾳ</span> 
     </span>
    </p>
   </div>
   <div class='ocr_carea' id='block_1_7' title="bbox 72 621 1681 700">
    <p class='ocr_par' dir='ltr' id='par_1_7' title="bbox 72 621 1681 700">
     <span class='ocr_line' id='line_1_7' title="bbox 72 621 1681 700; baseline 0.007 -28"><span class='ocrx_word' id='word_1_26' title='bbox 72 621 149 674; x_wconf 77' lang='grc' dir='ltr'>τὸ</span> <span class='ocrx_word' id='word_1_27' title='bbox 183 621 395 685; x_wconf 79' lang='grc' dir='ltr'><strong>πλάτος</strong></span> <span class='ocrx_word' id='word_1_28' title='bbox 429 622 808 693; x_wconf 83' lang='grc' dir='ltr'>ὲκοιλάναμεν,</span> <span class='ocrx_word' id='word_1_29' title='bbox 856 627 925 680; x_wconf 81' lang='grc' dir='ltr'>τά</span> <span class='ocrx_word' id='word_1_30' title='bbox 957 642 1014 678; x_wconf 90' lang='grc' dir='ltr'><strong>τε</strong></span> <span class='ocrx_word' id='word_1_31' title='bbox 1047 625 1183 680; x_wconf 73' lang='grc' dir='ltr'>ἄλλα</span> <span class='ocrx_word' id='word_1_32' title='bbox 1227 629 1647 700; x_wconf 78' lang='grc' dir='ltr'><strong>ἐπεμελήθημεν</strong></span> <span class='ocrx_word' id='word_1_33' title='bbox 1667 671 1681 694; x_wconf 90' lang='grc'><em>,</em></span> 
     </span>
    </p>
   </div>
   <div class='ocr_carea' id='block_1_8' title="bbox 75 713 1685 791">
    <p class='ocr_par' dir='ltr' id='par_1_8' title="bbox 75 713 1685 791">
     <span class='ocr_line' id='line_1_8' title="bbox 75 713 1685 791; baseline 0.007 -27"><span class='ocrx_word' id='word_1_34' title='bbox 75 713 252 777; x_wconf 84' lang='grc' dir='ltr'>ὅπως</span> <span class='ocrx_word' id='word_1_35' title='bbox 288 713 355 766; x_wconf 86' lang='grc' dir='ltr'>ἂν</span> <span class='ocrx_word' id='word_1_36' title='bbox 381 715 414 784; x_wconf 84' lang='grc' dir='ltr'><strong>ή</strong></span> <span class='ocrx_word' id='word_1_37' title='bbox 446 716 719 782; x_wconf 79' lang='grc' dir='ltr'><strong>φαντασία</strong></span> <span class='ocrx_word' id='word_1_38' title='bbox 747 716 838 770; x_wconf 83' lang='grc' dir='ltr'>τοῦ</span> <span class='ocrx_word' id='word_1_39' title='bbox 869 718 1102 788; x_wconf 79' lang='grc' dir='ltr'><strong>ὀργάνου</strong></span> <span class='ocrx_word' id='word_1_40' title='bbox 1137 721 1233 790; x_wconf 83' lang='grc' dir='ltr'><strong>τῆς</strong></span> <span class='ocrx_word' id='word_1_41' title='bbox 1259 721 1518 791; x_wconf 81' lang='grc' dir='ltr'><strong>ἀληθείας</strong></span> <span class='ocrx_word' id='word_1_42' title='bbox 1554 723 1685 776; x_wconf 82' lang='grc' dir='ltr'><strong>ὐπο-</strong></span> 
     </span>
    </p>
   </div>
   <div class='ocr_carea' id='block_1_9' title="bbox 85 806 1684 885">
    <p class='ocr_par' dir='ltr' id='par_1_9' title="bbox 85 806 1684 885">
     <span class='ocr_line' id='line_1_9' title="bbox 85 806 1684 885; baseline 0.007 -28"><span class='ocrx_word' id='word_1_43' title='bbox 85 806 394 878; x_wconf 82' lang='grc' dir='ltr'>μιμνήσκῃ</span> <span class='ocrx_word' id='word_1_44' title='bbox 422 807 513 860; x_wconf 83' lang='grc' dir='ltr'><strong>τὸν</strong></span> <span class='ocrx_word' id='word_1_45' title='bbox 539 807 722 861; x_wconf 76' lang='grc' dir='ltr'>ἔννουν</span> <span class='ocrx_word' id='word_1_46' title='bbox 750 810 966 880; x_wconf 84' lang='grc' dir='ltr'>θεατήν.</span> <span class='ocrx_word' id='word_1_47' title='bbox 1007 811 1116 864; x_wconf 76' lang='grc' dir='ltr'><strong>Καὶ</strong></span> <span class='ocrx_word' id='word_1_48' title='bbox 1144 813 1251 884; x_wconf 80' lang='grc' dir='ltr'>γὰρ</span> <span class='ocrx_word' id='word_1_49' title='bbox 1284 817 1398 877; x_wconf 87' lang='grc' dir='ltr'>τοῖς</span> <span class='ocrx_word' id='word_1_50' title='bbox 1425 813 1485 879; x_wconf 76' lang='grc' dir='ltr'><strong>ἕξ</strong></span> <span class='ocrx_word' id='word_1_51' title='bbox 1521 814 1684 885; x_wconf 83' lang='grc' dir='ltr'>μεγέ-</span> 
     </span>
    </p>
   </div>
   <div class='ocr_carea' id='block_1_10' title="bbox 82 899 1686 975">
    <p class='ocr_par' dir='ltr' id='par_1_10' title="bbox 82 899 1686 975">
     <span class='ocr_line' id='line_1_10' title="bbox 82 899 1686 975; baseline 0.006 -26"><span class='ocrx_word' id='word_1_52' title='bbox 82 900 254 951; x_wconf 81' lang='grc' dir='ltr'>θεσιν</span> <span class='ocrx_word' id='word_1_53' title='bbox 307 899 433 962; x_wconf 76' lang='grc' dir='ltr'>τοὺς</span> <span class='ocrx_word' id='word_1_54' title='bbox 484 899 840 970; x_wconf 85' lang='grc' dir='ltr'>διαφέροντας</span> <span class='ocrx_word' id='word_1_55' title='bbox 885 902 1121 972; x_wconf 85' lang='grc' dir='ltr'>ἀστέρας</span> <span class='ocrx_word' id='word_1_56' title='bbox 1169 905 1538 975; x_wconf 78' lang='grc' dir='ltr'>ὲνετάξαμεν,</span> <span class='ocrx_word' id='word_1_57' title='bbox 1592 905 1686 958; x_wconf 72' lang='grc' dir='ltr'>καὶ</span> 
     </span>
    </p>
   </div>
   <div class='ocr_carea' id='block_1_11' title="bbox 83 989 1684 1067">
    <p class='ocr_par' dir='ltr' id='par_1_11' title="bbox 83 989 1684 1067">
     <span class='ocr_line' id='line_1_11' title="bbox 83 989 1684 1067; baseline 0.006 -27"><span class='ocrx_word' id='word_1_58' title='bbox 83 991 227 1053; x_wconf 72' lang='grc' dir='ltr'>τοὺς</span> <span class='ocrx_word' id='word_1_59' title='bbox 251 989 390 1059; x_wconf 81' lang='grc' dir='ltr'>πρὸς</span> <span class='ocrx_word' id='word_1_60' title='bbox 411 990 671 1061; x_wconf 81' lang='grc' dir='ltr'><strong>ἀλλήλους</strong></span> <span class='ocrx_word' id='word_1_61' title='bbox 692 993 868 1044; x_wconf 80' lang='grc' dir='ltr'>αὐτῶν</span> <span class='ocrx_word' id='word_1_62' title='bbox 889 997 1297 1064; x_wconf 82' lang='grc' dir='ltr'>σχηματισμοὺς</span> <span class='ocrx_word' id='word_1_63' title='bbox 1319 997 1684 1067; x_wconf 74' lang='grc' dir='ltr'>ἐτηρήσαμεν.</span> 
     </span>
    </p>
   </div>
   <div class='ocr_carea' id='block_1_12' title="bbox 96 1081 1687 1157">
    <p class='ocr_par' dir='ltr' id='par_1_12' title="bbox 96 1081 1687 1157">
     <span class='ocr_line' id='line_1_12' title="bbox 96 1081 1687 1157; baseline 0.004 -24"><span class='ocrx_word' id='word_1_64' title='bbox 96 1081 232 1133; x_wconf 85' lang='grc' dir='ltr'><strong>Τῶν</strong></span> <span class='ocrx_word' id='word_1_65' title='bbox 264 1082 324 1135; x_wconf 81' lang='grc' dir='ltr'>δὲ</span> <span class='ocrx_word' id='word_1_66' title='bbox 351 1082 568 1136; x_wconf 83' lang='grc' dir='ltr'>κύκλων</span> <span class='ocrx_word' id='word_1_67' title='bbox 596 1085 724 1147; x_wconf 79' lang='grc' dir='ltr'>τοὺς</span> <span class='ocrx_word' id='word_1_68' title='bbox 755 1085 854 1154; x_wconf 73' lang='grc' dir='ltr'><strong>μὲν</strong></span> <span class='ocrx_word' id='word_1_69' title='bbox 889 1085 1322 1157; x_wconf 78' lang='grc' dir='ltr'>περιηγάγομεν,</span> <span class='ocrx_word' id='word_1_70' title='bbox 1355 1089 1484 1150; x_wconf 84' lang='grc' dir='ltr'>τοὺς</span> <span class='ocrx_word' id='word_1_71' title='bbox 1521 1088 1577 1139; x_wconf 76' lang='grc' dir='ltr'>δὲ</span> <span class='ocrx_word' id='word_1_72' title='bbox 1608 1087 1687 1140; x_wconf 89' lang='grc' dir='ltr'>δι-</span> 
     </span>
    </p>
   </div>
   <div class='ocr_carea' id='block_1_13' title="bbox 89 1177 1689 1251">
    <p class='ocr_par' dir='ltr' id='par_1_13' title="bbox 89 1177 1689 1251">
     <span class='ocr_line' id='line_1_13' title="bbox 89 1177 1689 1251; baseline 0.003 -23"><span class='ocrx_word' id='word_1_73' title='bbox 89 1177 393 1246; x_wconf 73' lang='grc' dir='ltr'>ηγάγομεν</span> <span class='ocrx_word' id='word_1_74' title='bbox 419 1195 431 1206; x_wconf 89' lang='grc'><strong>·</strong></span> <span class='ocrx_word' id='word_1_75' title='bbox 460 1177 706 1240; x_wconf 76' lang='grc' dir='ltr'>ἅπαντας</span> <span class='ocrx_word' id='word_1_76' title='bbox 729 1178 784 1232; x_wconf 84' lang='grc' dir='ltr'>δὲ</span> <span class='ocrx_word' id='word_1_77' title='bbox 811 1180 1077 1250; x_wconf 85' lang='grc' dir='ltr'>ὲτέμομεν</span> <span class='ocrx_word' id='word_1_78' title='bbox 1097 1181 1380 1251; x_wconf 83' lang='grc' dir='ltr'>μοιρικῶς,</span> <span class='ocrx_word' id='word_1_79' title='bbox 1402 1181 1498 1244; x_wconf 86' lang='grc' dir='ltr'><strong>τὰς</strong></span> <span class='ocrx_word' id='word_1_80' title='bbox 1525 1182 1689 1236; x_wconf 79' lang='grc' dir='ltr'>πέντε</span> 
     </span>
    </p>
   </div>
   <div class='ocr_carea' id='block_1_14' title="bbox 97 1269 1691 1343">
    <p class='ocr_par' dir='ltr' id='par_1_14' title="bbox 97 1269 1691 1343">
     <span class='ocr_line' id='line_1_14' title="bbox 97 1269 1691 1343; baseline 0.003 -23"><span class='ocrx_word' id='word_1_81' title='bbox 97 1269 391 1338; x_wconf 88' lang='grc' dir='ltr'>μοιριαίας</span> <span class='ocrx_word' id='word_1_82' title='bbox 434 1269 699 1339; x_wconf 65' lang='grc' dir='ltr'>γραμμὰς</span> <span class='ocrx_word' id='word_1_83' title='bbox 763 1270 980 1338; x_wconf 80' lang='grc' dir='ltr'>μείζους</span> <span class='ocrx_word' id='word_1_84' title='bbox 1035 1273 1144 1325; x_wconf 84' lang='grc' dir='ltr'><strong>τῶν</strong></span> <span class='ocrx_word' id='word_1_85' title='bbox 1200 1273 1485 1343; x_wconf 88' lang='grc' dir='ltr'>μοιριαίων</span> <span class='ocrx_word' id='word_1_86' title='bbox 1534 1273 1691 1341; x_wconf 85' lang='grc' dir='ltr'>ποιή-</span> 
     </span>
    </p>
   </div>
   <div class='ocr_carea' id='block_1_15' title="bbox 97 1361 1689 1435">
    <p class='ocr_par' dir='ltr' id='par_1_15' title="bbox 97 1361 1689 1435">
     <span class='ocr_line' id='line_1_15' title="bbox 97 1361 1689 1435; baseline 0.003 -24"><span class='ocrx_word' id='word_1_87' title='bbox 97 1377 306 1418; x_wconf 77' lang='grc' dir='ltr'>σαντες</span> <span class='ocrx_word' id='word_1_88' title='bbox 331 1377 343 1390; x_wconf 88' lang='grc'>·</span> <span class='ocrx_word' id='word_1_89' title='bbox 397 1361 478 1413; x_wconf 81' lang='grc' dir='ltr'>ὅτι</span> <span class='ocrx_word' id='word_1_90' title='bbox 527 1363 619 1413; x_wconf 73' lang='grc' dir='ltr'>καὶ</span> <span class='ocrx_word' id='word_1_91' title='bbox 666 1362 765 1426; x_wconf 80' lang='grc' dir='ltr'><strong>τὰς</strong></span> <span class='ocrx_word' id='word_1_92' title='bbox 817 1363 1130 1435; x_wconf 76' lang='grc' dir='ltr'>ἐπιγραφὰς</span> <span class='ocrx_word' id='word_1_93' title='bbox 1155 1363 1263 1416; x_wconf 86' lang='grc' dir='ltr'>τῶν</span> <span class='ocrx_word' id='word_1_94' title='bbox 1294 1363 1541 1434; x_wconf 80' lang='grc' dir='ltr'>ἀριθμῶν</span> <span class='ocrx_word' id='word_1_95' title='bbox 1569 1363 1689 1417; x_wconf 81' lang='grc' dir='ltr'>κατ’</span> 
     </span>
    </p>
   </div>
   <div class='ocr_carea' id='block_1_16' title="bbox 96 1452 1739 1526">
    <p class='ocr_par' dir='ltr' id='par_1_16' title="bbox 96 1452 1739 1526">
     <span class='ocr_line' id='line_1_16' title="bbox 96 1452 1739 1526; baseline 0 -20"><span class='ocrx_word' id='word_1_96' title='bbox 96 1452 281 1514; x_wconf 73' lang='grc' dir='ltr'>αὐτὰς</span> <span class='ocrx_word' id='word_1_97' title='bbox 313 1453 766 1525; x_wconf 80' lang='grc' dir='ltr'>παρηυξήσαμεν,</span> <span class='ocrx_word' id='word_1_98' title='bbox 821 1456 913 1508; x_wconf 80' lang='grc' dir='ltr'>καὶ</span> <span class='ocrx_word' id='word_1_99' title='bbox 955 1458 1011 1508; x_wconf 82' lang='grc' dir='ltr'><strong>ὲν</strong></span> <span class='ocrx_word' id='word_1_100' title='bbox 1057 1455 1283 1526; x_wconf 82' lang='grc' dir='ltr'>ἀργύρῳ</span> <span class='ocrx_word' id='word_1_101' title='bbox 1323 1454 1416 1507; x_wconf 84' lang='grc' dir='ltr'><strong>τοῦ</strong></span> <span class='ocrx_word' id='word_1_102' title='bbox 1465 1454 1694 1524; x_wconf 84' lang='grc' dir='ltr'>μέλανος</span> <span class='ocrx_word' id='word_1_103' title='bbox 1732 1477 1739 1483; x_wconf 91' lang='grc'>·</span> 
     </span>
    </p>
   </div>
   <div class='ocr_carea' id='block_1_17' title="bbox 96 1544 1692 1616">
    <p class='ocr_par' dir='ltr' id='par_1_17' title="bbox 96 1544 1692 1616">
     <span class='ocr_line' id='line_1_17' title="bbox 96 1544 1692 1616; baseline 0 -20"><span class='ocrx_word' id='word_1_104' title='bbox 96 1545 352 1615; x_wconf 78' lang='grc' dir='ltr'><strong>ἔμφασιν</strong></span> <span class='ocrx_word' id='word_1_105' title='bbox 372 1544 577 1615; x_wconf 75' lang='grc' dir='ltr'>βιϐλίου</span> <span class='ocrx_word' id='word_1_106' title='bbox 600 1544 881 1609; x_wconf 72' lang='grc' dir='ltr'>ποιοῦντος</span> <span class='ocrx_word' id='word_1_107' title='bbox 902 1547 962 1599; x_wconf 86' lang='grc' dir='ltr'>τὸ</span> <span class='ocrx_word' id='word_1_108' title='bbox 984 1547 1362 1616; x_wconf 83' lang='grc' dir='ltr'>ὑποκείμενον.</span> <span class='ocrx_word' id='word_1_109' title='bbox 1386 1545 1692 1614; x_wconf 84' lang='grc' dir='ltr'>Τέτμηνται</span> 
     </span>
    </p>
   </div>
   <div class='ocr_carea' id='block_1_18' title="bbox 96 1633 1693 1709">
    <p class='ocr_par' dir='ltr' id='par_1_18' title="bbox 96 1633 1693 1709">
     <span class='ocr_line' id='line_1_18' title="bbox 96 1633 1693 1709; baseline -0.003 -20"><span class='ocrx_word' id='word_1_110' title='bbox 96 1637 163 1690; x_wconf 79' lang='grc' dir='ltr'>δὲ</span> <span class='ocrx_word' id='word_1_111' title='bbox 190 1638 293 1709; x_wconf 80' lang='grc' dir='ltr'>οὐχ</span> <span class='ocrx_word' id='word_1_112' title='bbox 322 1637 655 1708; x_wconf 81' lang='grc' dir='ltr'>ὁμοστοίχως</span> <span class='ocrx_word' id='word_1_113' title='bbox 693 1636 931 1701; x_wconf 72' lang='grc' dir='ltr'>ἅπαντες</span> <span class='ocrx_word' id='word_1_114' title='bbox 949 1678 965 1701; x_wconf 88' lang='grc'><em>,</em></span> <span class='ocrx_word' id='word_1_115' title='bbox 1009 1637 1122 1691; x_wconf 72' lang='grc' dir='ltr'>οὗθ’</span> <span class='ocrx_word' id='word_1_116' title='bbox 1150 1638 1360 1700; x_wconf 75' lang='grc' dir='ltr'>ἑαυτοῖς</span> <span class='ocrx_word' id='word_1_117' title='bbox 1392 1633 1504 1688; x_wconf 76' lang='grc' dir='ltr'>οὔτ’</span> <span class='ocrx_word' id='word_1_118' title='bbox 1532 1634 1693 1705; x_wconf 86' lang='grc' dir='ltr'>ἀλλή-</span> 
     </span>
    </p>
   </div>
   <div class='ocr_carea' id='block_1_19' title="bbox 96 1727 1693 1799">
    <p class='ocr_par' dir='ltr' id='par_1_19' title="bbox 96 1727 1693 1799">
     <span class='ocr_line' id='line_1_19' title="bbox 96 1727 1693 1799; baseline -0.003 -16"><span class='ocrx_word' id='word_1_119' title='bbox 96 1730 224 1794; x_wconf 88' lang='grc' dir='ltr'>λοις</span> <span class='ocrx_word' id='word_1_120' title='bbox 246 1747 260 1761; x_wconf 93' lang='grc'><strong>·</strong></span> <span class='ocrx_word' id='word_1_121' title='bbox 294 1731 408 1784; x_wconf 75' lang='grc' dir='ltr'>ἀλλ’</span> <span class='ocrx_word' id='word_1_122' title='bbox 430 1731 478 1782; x_wconf 85' lang='lat' dir='ltr'><strong>ol</strong></span> <span class='ocrx_word' id='word_1_123' title='bbox 506 1731 602 1799; x_wconf 86' lang='grc' dir='ltr'>μὲν</span> <span class='ocrx_word' id='word_1_124' title='bbox 627 1731 708 1790; x_wconf 80' lang='grc' dir='ltr'><strong>εἰς</strong></span> <span class='ocrx_word' id='word_1_125' title='bbox 737 1730 860 1792; x_wconf 78' lang='grc' dir='ltr'>ἴσας</span> <span class='ocrx_word' id='word_1_126' title='bbox 889 1729 1081 1799; x_wconf 71' lang='grc' dir='ltr'>τομὰς,</span> <span class='ocrx_word' id='word_1_127' title='bbox 1105 1731 1152 1782; x_wconf 76' lang='grc' dir='ltr'>οἱ</span> <span class='ocrx_word' id='word_1_128' title='bbox 1179 1729 1235 1781; x_wconf 84' lang='grc' dir='ltr'>δὲ</span> <span class='ocrx_word' id='word_1_129' title='bbox 1267 1728 1568 1798; x_wconf 71' lang='grc' dir='ltr'>ἀνωμάλως</span> <span class='ocrx_word' id='word_1_130' title='bbox 1597 1727 1693 1798; x_wconf 82' lang='grc' dir='ltr'>μὲν</span> 
     </span>
    </p>
   </div>
   <div class='ocr_carea' id='block_1_20' title="bbox 1788 545 3370 618">
    <p class='ocr_par' dir='ltr' id='par_1_20' title="bbox 1788 545 3370 618">
     <span class='ocr_line' id='line_1_20' title="bbox 1788 545 3370 618; baseline 0.002 -19"><span class='ocrx_word' id='word_1_131' title='bbox 1788 545 2064 602; x_wconf 85' lang='lat' dir='ltr'><strong>edidimus</strong></span> <span class='ocrx_word' id='word_1_132' title='bbox 2085 588 2098 609; x_wconf 90' lang='lat'><strong>,</strong></span> <span class='ocrx_word' id='word_1_133' title='bbox 2133 548 2277 618; x_wconf 91' lang='lat' dir='ltr'><strong>quod</strong></span> <span class='ocrx_word' id='word_1_134' title='bbox 2299 563 2421 602; x_wconf 89' lang='lat' dir='ltr'><strong>cum</strong></span> <span class='ocrx_word' id='word_1_135' title='bbox 2460 549 2616 618; x_wconf 88' lang='lat' dir='ltr'><strong>copia</strong></span> <span class='ocrx_word' id='word_1_136' title='bbox 2655 547 2966 602; x_wconf 85' lang='lat' dir='ltr'><strong>necessaria</strong></span> <span class='ocrx_word' id='word_1_137' title='bbox 2993 587 3007 609; x_wconf 94' lang='lat'><strong>,</strong></span> <span class='ocrx_word' id='word_1_138' title='bbox 3049 555 3160 601; x_wconf 89' lang='lat' dir='ltr'><strong>tum</strong></span> <span class='ocrx_word' id='word_1_139' title='bbox 3189 547 3370 602; x_wconf 84' lang='lat' dir='ltr'><strong>varie-</strong></span> 
     </span>
    </p>
   </div>
   <div class='ocr_carea' id='block_1_21' title="bbox 1792 634 3365 704">
    <p class='ocr_par' dir='ltr' id='par_1_21' title="bbox 1792 634 3365 704">
     <span class='ocr_line' id='line_1_21' title="bbox 1792 634 3365 704; baseline 0 -18"><span class='ocrx_word' id='word_1_140' title='bbox 1792 642 1902 688; x_wconf 90' lang='lat' dir='ltr'><strong>tate</strong></span> <span class='ocrx_word' id='word_1_141' title='bbox 1919 635 2316 692; x_wconf 79' lang='lat' dir='ltr'><strong>theorematum</strong></span> <span class='ocrx_word' id='word_1_142' title='bbox 2355 638 2714 704; x_wconf 83' lang='lat' dir='ltr'><strong>stipavimus,</strong></span> <span class='ocrx_word' id='word_1_143' title='bbox 2757 644 2809 690; x_wconf 80' lang='lat' dir='ltr'><strong>et</strong></span> <span class='ocrx_word' id='word_1_144' title='bbox 2848 635 2914 690; x_wconf 90' lang='lat' dir='ltr'><strong>ad</strong></span> <span class='ocrx_word' id='word_1_145' title='bbox 2947 634 3225 689; x_wconf 87' lang='lat' dir='ltr'><strong>materiam</strong></span> <span class='ocrx_word' id='word_1_146' title='bbox 3257 645 3365 687; x_wconf 82' lang='lat' dir='ltr'><strong>tra-</strong></span> 
     </span>
    </p>
   </div>
   <div class='ocr_carea' id='block_1_22' title="bbox 1789 721 3366 795">
    <p class='ocr_par' dir='ltr' id='par_1_22' title="bbox 1789 721 3366 795">
     <span class='ocr_line' id='line_1_22' title="bbox 1789 721 3366 795; baseline 0.001 -20"><span class='ocrx_word' id='word_1_147' title='bbox 1789 721 1991 778; x_wconf 84' lang='lat' dir='ltr'><strong>ducere</strong></span> <span class='ocrx_word' id='word_1_148' title='bbox 2053 726 2453 794; x_wconf 81' lang='lat' dir='ltr'><strong>disputationes</strong></span> <span class='ocrx_word' id='word_1_149' title='bbox 2519 726 2870 790; x_wconf 83' lang='lat' dir='ltr'><strong>studuimus,</strong></span> <span class='ocrx_word' id='word_1_150' title='bbox 2934 725 3366 795; x_wconf 85' lang='lat' dir='ltr'><strong>pulcherrimum</strong></span> 
     </span>
    </p>
   </div>
   <div class='ocr_carea' id='block_1_23' title="bbox 1787 812 3369 872">
    <p class='ocr_par' dir='ltr' id='par_1_23' title="bbox 1787 812 3369 872">
     <span class='ocr_line' id='line_1_23' title="bbox 1787 812 3369 872; baseline 0.001 -7"><span class='ocrx_word' id='word_1_151' title='bbox 1787 812 1990 868; x_wconf 66' lang='lat' dir='ltr'><strong>tabula:</strong></span> <span class='ocrx_word' id='word_1_152' title='bbox 2025 815 2210 869; x_wconf 92' lang='lat' dir='ltr'><strong>mundi</strong></span> <span class='ocrx_word' id='word_1_153' title='bbox 2239 817 2596 872; x_wconf 85' lang='lat' dir='ltr'><strong>simulacrum</strong></span> <span class='ocrx_word' id='word_1_154' title='bbox 2626 816 2820 870; x_wconf 79' lang='lat' dir='ltr'><strong>moliti.</strong></span> <span class='ocrx_word' id='word_1_155' title='bbox 2853 815 2989 870; x_wconf 87' lang='lat' dir='ltr'><strong>Cum</strong></span> <span class='ocrx_word' id='word_1_156' title='bbox 3024 829 3150 868; x_wconf 84' lang='lat' dir='ltr'><strong>vero</strong></span> <span class='ocrx_word' id='word_1_157' title='bbox 3179 813 3369 866; x_wconf 80' lang='lat' dir='ltr'><strong>eadem</strong></span> 
     </span>
    </p>
   </div>
   <div class='ocr_carea' id='block_1_24' title="bbox 1791 906 3372 978">
    <p class='ocr_par' dir='ltr' id='par_1_24' title="bbox 1791 906 3372 978">
     <span class='ocr_line' id='line_1_24' title="bbox 1791 906 3372 978; baseline -0.001 -19"><span class='ocrx_word' id='word_1_158' title='bbox 1791 906 2050 959; x_wconf 82' lang='lat' dir='ltr'><strong>tractatio</strong></span> <span class='ocrx_word' id='word_1_159' title='bbox 2109 916 2163 962; x_wconf 92' lang='lat' dir='ltr'><strong>et</strong></span> <span class='ocrx_word' id='word_1_160' title='bbox 2217 909 2434 978; x_wconf 82' lang='lat' dir='ltr'><strong>planam</strong></span> <span class='ocrx_word' id='word_1_161' title='bbox 2483 907 2870 978; x_wconf 77' lang='lat' dir='ltr'><strong>superficiem,</strong></span> <span class='ocrx_word' id='word_1_162' title='bbox 2916 915 2971 961; x_wconf 88' lang='lat' dir='ltr'><strong>et</strong></span> <span class='ocrx_word' id='word_1_163' title='bbox 3029 906 3372 976; x_wconf 67' lang='lat' dir='ltr'><strong>aequabiliter</strong></span> 
     </span>
    </p>
   </div>
   <div class='ocr_carea' id='block_1_25' title="bbox 1788 995 3370 1065">
    <p class='ocr_par' dir='ltr' id='par_1_25' title="bbox 1788 995 3370 1065">
     <span class='ocr_line' id='line_1_25' title="bbox 1788 995 3370 1065; baseline 0.001 -18"><span class='ocrx_word' id='word_1_164' title='bbox 1788 1010 1980 1048; x_wconf 80' lang='lat' dir='ltr'><strong>cavam</strong></span> <span class='ocrx_word' id='word_1_165' title='bbox 2035 996 2088 1050; x_wconf 91' lang='lat' dir='ltr'><strong>in</strong></span> <span class='ocrx_word' id='word_1_166' title='bbox 2146 999 2388 1053; x_wconf 85' lang='lat' dir='ltr'><strong>rationes</strong></span> <span class='ocrx_word' id='word_1_167' title='bbox 2431 1008 2616 1054; x_wconf 86' lang='lat' dir='ltr'><strong>certas</strong></span> <span class='ocrx_word' id='word_1_168' title='bbox 2655 1013 2844 1052; x_wconf 87' lang='lat' dir='ltr'><strong>secare</strong></span> <span class='ocrx_word' id='word_1_169' title='bbox 2891 997 3156 1052; x_wconf 76' lang='lat' dir='ltr'><strong>concedat</strong></span> <span class='ocrx_word' id='word_1_170' title='bbox 3187 1036 3202 1058; x_wconf 87' lang='lat'><strong>,</strong></span> <span class='ocrx_word' id='word_1_171' title='bbox 3241 995 3370 1065; x_wconf 86' lang='lat' dir='ltr'><strong>quia</strong></span> 
     </span>
    </p>
   </div>
   <div class='ocr_carea' id='block_1_26' title="bbox 1790 1085 3372 1156">
    <p class='ocr_par' dir='ltr' id='par_1_26' title="bbox 1790 1085 3372 1156">
     <span class='ocr_line' id='line_1_26' title="bbox 1790 1085 3372 1156; baseline 0.002 -19"><span class='ocrx_word' id='word_1_172' title='bbox 1790 1085 2052 1153; x_wconf 86' lang='lat' dir='ltr'><strong>majorem</strong></span> <span class='ocrx_word' id='word_1_173' title='bbox 2114 1091 2498 1156; x_wconf 80' lang='lat' dir='ltr'><strong>cognationem</strong></span> <span class='ocrx_word' id='word_1_174' title='bbox 2538 1089 2742 1144; x_wconf 89' lang='lat' dir='ltr'><strong>habere</strong></span> <span class='ocrx_word' id='word_1_175' title='bbox 2792 1087 3130 1142; x_wconf 87' lang='lat' dir='ltr'><strong>ducebamus</strong></span> <span class='ocrx_word' id='word_1_176' title='bbox 3183 1087 3372 1156; x_wconf 87' lang='lat' dir='ltr'><strong>quale-</strong></span> 
     </span>
    </p>
   </div>
   <div class='ocr_carea' id='block_1_27' title="bbox 1795 1177 3367 1250">
    <p class='ocr_par' dir='ltr' id='par_1_27' title="bbox 1795 1177 3367 1250">
     <span class='ocr_line' id='line_1_27' title="bbox 1795 1177 3367 1250; baseline -0.002 -19"><span class='ocrx_word' id='word_1_177' title='bbox 1795 1193 2012 1247; x_wconf 80' lang='lat' dir='ltr'><strong>cunque</strong></span> <span class='ocrx_word' id='word_1_178' title='bbox 2058 1193 2252 1232; x_wconf 88' lang='lat' dir='ltr'><strong>cavum</strong></span> <span class='ocrx_word' id='word_1_179' title='bbox 2317 1194 2442 1232; x_wconf 89' lang='lat' dir='ltr'><strong>cum</strong></span> <span class='ocrx_word' id='word_1_180' title='bbox 2503 1194 2731 1250; x_wconf 87' lang='lat' dir='ltr'><strong>corpore</strong></span> <span class='ocrx_word' id='word_1_181' title='bbox 2792 1177 3033 1248; x_wconf 77' lang='lat' dir='ltr'><strong>perfecte</strong></span> <span class='ocrx_word' id='word_1_182' title='bbox 3092 1177 3367 1247; x_wconf 87' lang='lat' dir='ltr'><strong>globoso:</strong></span> 
     </span>
    </p>
   </div>
   <div class='ocr_carea' id='block_1_28' title="bbox 1792 1266 3374 1340">
    <p class='ocr_par' dir='ltr' id='par_1_28' title="bbox 1792 1266 3374 1340">
     <span class='ocr_line' id='line_1_28' title="bbox 1792 1266 3374 1340; baseline -0.001 -18"><span class='ocrx_word' id='word_1_183' title='bbox 1792 1268 2001 1324; x_wconf 89' lang='lat' dir='ltr'><strong>idcirco</strong></span> <span class='ocrx_word' id='word_1_184' title='bbox 2048 1272 2209 1340; x_wconf 90' lang='lat' dir='ltr'><strong>plana</strong></span> <span class='ocrx_word' id='word_1_185' title='bbox 2255 1270 2440 1324; x_wconf 87' lang='lat' dir='ltr'><strong>tabula</strong></span> <span class='ocrx_word' id='word_1_186' title='bbox 2477 1285 2671 1325; x_wconf 88' lang='lat' dir='ltr'><strong>cavum</strong></span> <span class='ocrx_word' id='word_1_187' title='bbox 2723 1267 3082 1339; x_wconf 88' lang='lat' dir='ltr'><strong>deprimendo</strong></span> <span class='ocrx_word' id='word_1_188' title='bbox 3140 1266 3374 1337; x_wconf 76' lang='lat' dir='ltr'><strong>perfeci-</strong></span> 
     </span>
    </p>
   </div>
   <div class='ocr_carea' id='block_1_29' title="bbox 1791 1359 3372 1432">
    <p class='ocr_par' dir='ltr' id='par_1_29' title="bbox 1791 1359 3372 1432">
     <span class='ocr_line' id='line_1_29' title="bbox 1791 1359 3372 1432; baseline -0.001 -18"><span class='ocrx_word' id='word_1_189' title='bbox 1791 1376 1914 1415; x_wconf 86' lang='lat' dir='ltr'><strong>mus</strong></span> <span class='ocrx_word' id='word_1_190' title='bbox 1955 1380 1968 1414; x_wconf 87' lang='lat'><strong>:</strong></span> <span class='ocrx_word' id='word_1_191' title='bbox 2018 1369 2133 1415; x_wconf 92' lang='lat' dir='ltr'><strong>tum</strong></span> <span class='ocrx_word' id='word_1_192' title='bbox 2172 1362 2277 1415; x_wconf 90' lang='lat' dir='ltr'><strong>alia</strong></span> <span class='ocrx_word' id='word_1_193' title='bbox 2336 1363 2765 1432; x_wconf 77' lang='lat' dir='ltr'><strong>exquisivimus,</strong></span> <span class='ocrx_word' id='word_1_194' title='bbox 2803 1375 2912 1431; x_wconf 89' lang='lat' dir='ltr'><strong>quo</strong></span> <span class='ocrx_word' id='word_1_195' title='bbox 2940 1359 3126 1429; x_wconf 86' lang='lat' dir='ltr'><strong>organi</strong></span> <span class='ocrx_word' id='word_1_196' title='bbox 3164 1359 3372 1428; x_wconf 86' lang='lat' dir='ltr'><strong>species</strong></span> 
     </span>
    </p>
   </div>
   <div class='ocr_carea' id='block_1_30' title="bbox 1794 1446 3369 1519">
    <p class='ocr_par' dir='ltr' id='par_1_30' title="bbox 1794 1446 3369 1519">
     <span class='ocr_line' id='line_1_30' title="bbox 1794 1446 3369 1519; baseline -0.003 -15"><span class='ocrx_word' id='word_1_197' title='bbox 1794 1465 2045 1519; x_wconf 78' lang='lat' dir='ltr'><strong>sagacem</strong></span> <span class='ocrx_word' id='word_1_198' title='bbox 2091 1459 2455 1519; x_wconf 87' lang='lat' dir='ltr'><strong>spectat-orem</strong></span> <span class='ocrx_word' id='word_1_199' title='bbox 2498 1451 2565 1506; x_wconf 87' lang='lat' dir='ltr'><strong>de</strong></span> <span class='ocrx_word' id='word_1_200' title='bbox 2602 1451 2831 1505; x_wconf 72' lang='lat' dir='ltr'><strong>veritate</strong></span> <span class='ocrx_word' id='word_1_201' title='bbox 2880 1449 3188 1503; x_wconf 88' lang='lat' dir='ltr'><strong>admoneat.</strong></span> <span class='ocrx_word' id='word_1_202' title='bbox 3234 1446 3369 1500; x_wconf 85' lang='lat' dir='ltr'><strong>Nam</strong></span> 
     </span>
    </p>
   </div>
   <div class='ocr_carea' id='block_1_31' title="bbox 1793 1537 3374 1611">
    <p class='ocr_par' dir='ltr' id='par_1_31' title="bbox 1793 1537 3374 1611">
     <span class='ocr_line' id='line_1_31' title="bbox 1793 1537 3374 1611; baseline -0.002 -16"><span class='ocrx_word' id='word_1_203' title='bbox 1793 1549 1846 1595; x_wconf 90' lang='lat' dir='ltr'><strong>et</strong></span> <span class='ocrx_word' id='word_1_204' title='bbox 1876 1541 2063 1595; x_wconf 80' lang='lat' dir='ltr'><strong>stellas</strong></span> <span class='ocrx_word' id='word_1_205' title='bbox 2097 1542 2240 1606; x_wconf 85' lang='lat' dir='ltr'><strong>illas,</strong></span> <span class='ocrx_word' id='word_1_206' title='bbox 2269 1557 2500 1610; x_wconf 91' lang='lat' dir='ltr'><strong>quarum</strong></span> <span class='ocrx_word' id='word_1_207' title='bbox 2539 1557 2669 1596; x_wconf 90' lang='lat' dir='ltr'><strong>sena</strong></span> <span class='ocrx_word' id='word_1_208' title='bbox 2710 1539 3147 1611; x_wconf 85' lang='lat' dir='ltr'><strong>magnitudinum</strong></span> <span class='ocrx_word' id='word_1_209' title='bbox 3177 1537 3374 1593; x_wconf 85' lang='lat' dir='ltr'><strong>discri-</strong></span> 
     </span>
    </p>
   </div>
   <div class='ocr_carea' id='block_1_32' title="bbox 1795 1631 3376 1697">
    <p class='ocr_par' dir='ltr' id='par_1_32' title="bbox 1795 1631 3376 1697">
     <span class='ocr_line' id='line_1_32' title="bbox 1795 1631 3376 1697; baseline 0 -13"><span class='ocrx_word' id='word_1_210' title='bbox 1795 1632 1942 1685; x_wconf 87' lang='lat' dir='ltr'><strong>mina</strong></span> <span class='ocrx_word' id='word_1_211' title='bbox 1986 1642 2144 1695; x_wconf 89' lang='lat' dir='ltr'><strong>sunt,</strong></span> <span class='ocrx_word' id='word_1_212' title='bbox 2183 1632 2374 1687; x_wconf 90' lang='lat' dir='ltr'><strong>ordine</strong></span> <span class='ocrx_word' id='word_1_213' title='bbox 2411 1633 2783 1697; x_wconf 88' lang='lat' dir='ltr'><strong>inseruimus,</strong></span> <span class='ocrx_word' id='word_1_214' title='bbox 2820 1640 2875 1686; x_wconf 90' lang='lat' dir='ltr'><strong>et</strong></span> <span class='ocrx_word' id='word_1_215' title='bbox 2913 1631 3102 1684; x_wconf 88' lang='lat' dir='ltr'><strong>harum</strong></span> <span class='ocrx_word' id='word_1_216' title='bbox 3150 1631 3289 1684; x_wconf 88' lang='lat' dir='ltr'><strong>inter</strong></span> <span class='ocrx_word' id='word_1_217' title='bbox 3315 1644 3376 1684; x_wconf 87' lang='lat' dir='ltr'><strong>se</strong></span> 
     </span>
    </p>
   </div>
   <div class='ocr_carea' id='block_1_33' title="bbox 1798 1719 3372 1777">
    <p class='ocr_par' dir='ltr' id='par_1_33' title="bbox 1798 1719 3372 1777">
     <span class='ocr_line' id='line_1_33' title="bbox 1798 1719 3372 1777; baseline -0.002 -3"><span class='ocrx_word' id='word_1_218' title='bbox 1798 1721 2266 1777; x_wconf 83' lang='lat' dir='ltr'><strong>conformationes</strong></span> <span class='ocrx_word' id='word_1_219' title='bbox 2336 1723 2693 1776; x_wconf 88' lang='lat' dir='ltr'><strong>servavimus.</strong></span> <span class='ocrx_word' id='word_1_220' title='bbox 2765 1719 2842 1774; x_wconf 87' lang='lat' dir='ltr'><strong>De</strong></span> <span class='ocrx_word' id='word_1_221' title='bbox 2899 1720 3126 1774; x_wconf 87' lang='lat' dir='ltr'><strong>circulis</strong></span> <span class='ocrx_word' id='word_1_222' title='bbox 3193 1728 3372 1772; x_wconf 90' lang='lat' dir='ltr'><strong>autem</strong></span> 
     </span>
    </p>
   </div>
   <div class='ocr_carea' id='block_1_34' title="bbox 101 1806 1586 1891">
    <p class='ocr_par' dir='ltr' id='par_1_34' title="bbox 101 1819 1585 1891">
     <span class='ocr_line' id='line_1_34' title="bbox 101 1819 1585 1891; baseline -0.003 -15"><span class='ocrx_word' id='word_1_223' title='bbox 101 1824 206 1876; x_wconf 77' lang='grc' dir='ltr'>καὶ</span> <span class='ocrx_word' id='word_1_224' title='bbox 254 1821 456 1884; x_wconf 72' lang='grc' dir='ltr'>ἀνίσως</span> <span class='ocrx_word' id='word_1_225' title='bbox 491 1821 634 1875; x_wconf 86' lang='grc' dir='ltr'><strong>κατά</strong></span> <span class='ocrx_word' id='word_1_226' title='bbox 664 1823 762 1890; x_wconf 78' lang='grc' dir='ltr'>τὴν</span> <span class='ocrx_word' id='word_1_227' title='bbox 791 1820 1066 1891; x_wconf 75' lang='grc' dir='ltr'>αἴσθησιν,</span> <span class='ocrx_word' id='word_1_228' title='bbox 1115 1820 1192 1891; x_wconf 81' lang='grc' dir='ltr'>τῷ</span> <span class='ocrx_word' id='word_1_229' title='bbox 1220 1820 1364 1891; x_wconf 82' lang='grc' dir='ltr'>λόγῳ</span> <span class='ocrx_word' id='word_1_230' title='bbox 1393 1819 1450 1872; x_wconf 85' lang='grc' dir='ltr'>δὲ</span> <span class='ocrx_word' id='word_1_231' title='bbox 1477 1822 1585 1888; x_wconf 86' lang='grc' dir='ltr'>ὁμα</span> 
     </span>
    </p>
   </div>
   <div class='ocr_carea' id='block_1_35' title="bbox 1891 1806 3376 1891">
    <p class='ocr_par' dir='ltr' id='par_1_35' title="bbox 1891 1806 3376 1880">
     <span class='ocr_line' id='line_1_35' title="bbox 1891 1806 3376 1880; baseline -0.005 -15"><span class='ocrx_word' id='word_1_232' title='bbox 1891 1811 2064 1867; x_wconf 80' lang='lat' dir='ltr'><strong>)sdam</strong></span> <span class='ocrx_word' id='word_1_233' title='bbox 2101 1813 2309 1866; x_wconf 91' lang='lat' dir='ltr'><strong>circum</strong></span> <span class='ocrx_word' id='word_1_234' title='bbox 2359 1811 2538 1877; x_wconf 85' lang='lat' dir='ltr'><strong>alios,</strong></span> <span class='ocrx_word' id='word_1_235' title='bbox 2577 1810 2847 1880; x_wconf 89' lang='lat' dir='ltr'><strong>quosdam</strong></span> <span class='ocrx_word' id='word_1_236' title='bbox 2893 1824 2990 1878; x_wconf 85' lang='lat' dir='ltr'><strong>per</strong></span> <span class='ocrx_word' id='word_1_237' title='bbox 3037 1808 3172 1863; x_wconf 80' lang='lat' dir='ltr'><strong>alios</strong></span> <span class='ocrx_word' id='word_1_238' title='bbox 3217 1806 3376 1860; x_wconf 83' lang='lat' dir='ltr'><strong>duxi-</strong></span> 
     </span>
    </p>
   </div>
   <div class='ocr_carea' id='block_1_36' title="bbox 99 1910 1688 1987">
    <p class='ocr_par' dir='ltr' id='par_1_36' title="bbox 99 1910 1688 1987">
     <span class='ocr_line' id='line_1_36' title="bbox 99 1910 1688 1987; baseline -0.004 -18"><span class='ocrx_word' id='word_1_239' title='bbox 99 1934 169 1969; x_wconf 81' lang='grc' dir='ltr'><strong>τε</strong></span> <span class='ocrx_word' id='word_1_240' title='bbox 218 1918 314 1969; x_wconf 69' lang='grc' dir='ltr'>καὶ</span> <span class='ocrx_word' id='word_1_241' title='bbox 345 1912 437 1968; x_wconf 76' lang='grc' dir='ltr'>ἶσα</span> <span class='ocrx_word' id='word_1_242' title='bbox 470 1915 581 1987; x_wconf 80' lang='grc' dir='ltr'>[γρ.</span> <span class='ocrx_word' id='word_1_243' title='bbox 615 1913 787 1983; x_wconf 82' lang='grc' dir='ltr'>ἴσως].</span> <span class='ocrx_word' id='word_1_244' title='bbox 825 1913 996 1967; x_wconf 84' lang='grc' dir='ltr'>Τοῦτο</span> <span class='ocrx_word' id='word_1_245' title='bbox 1043 1912 1153 1984; x_wconf 84' lang='grc' dir='ltr'>γὰρ</span> <span class='ocrx_word' id='word_1_246' title='bbox 1202 1913 1310 1966; x_wconf 72' lang='grc' dir='ltr'>ἔδει</span> <span class='ocrx_word' id='word_1_247' title='bbox 1347 1910 1688 1981; x_wconf 77' lang='grc' dir='ltr'>συμϐαίνειν,</span> 
     </span>
    </p>
   </div>
   <div class='ocr_carea' id='block_1_37' title="bbox 101 2001 1692 2078">
    <p class='ocr_par' dir='ltr' id='par_1_37' title="bbox 101 2001 1692 2078">
     <span class='ocr_line' id='line_1_37' title="bbox 101 2001 1692 2078; baseline -0.005 -18"><span class='ocrx_word' id='word_1_248' title='bbox 101 2006 178 2060; x_wconf 78' lang='grc' dir='ltr'><strong>ἵν’</strong></span> <span class='ocrx_word' id='word_1_249' title='bbox 206 2007 520 2078; x_wconf 72' lang='grc' dir='ltr'>ὁμολογήσῃ</span> <span class='ocrx_word' id='word_1_250' title='bbox 551 2005 618 2058; x_wconf 86' lang='grc' dir='ltr'><strong>τά</strong></span> <span class='ocrx_word' id='word_1_251' title='bbox 651 2005 980 2076; x_wconf 85' lang='grc' dir='ltr'>διαφέροντα</span> <span class='ocrx_word' id='word_1_252' title='bbox 1009 2006 1284 2074; x_wconf 87' lang='grc' dir='ltr'>σχήματα.</span> <span class='ocrx_word' id='word_1_253' title='bbox 1318 2003 1394 2054; x_wconf 82' lang='grc' dir='ltr'><strong>Δι’</strong></span> <span class='ocrx_word' id='word_1_254' title='bbox 1421 2002 1490 2071; x_wconf 80' lang='grc' dir='ltr'><strong>ἢν</strong></span> <span class='ocrx_word' id='word_1_255' title='bbox 1514 2001 1692 2054; x_wconf 75' lang='grc' dir='ltr'>αἰτίαν</span> 
     </span>
    </p>
   </div>
   <div class='ocr_carea' id='block_1_38' title="bbox 104 2090 1691 2165">
    <p class='ocr_par' dir='ltr' id='par_1_38' title="bbox 104 2090 1691 2165">
     <span class='ocr_line' id='line_1_38' title="bbox 104 2090 1691 2165; baseline -0.005 -15"><span class='ocrx_word' id='word_1_256' title='bbox 104 2098 207 2151; x_wconf 74' lang='grc' dir='ltr'>καὶ</span> <span class='ocrx_word' id='word_1_257' title='bbox 237 2098 286 2150; x_wconf 78' lang='grc' dir='ltr'>οἱ</span> <span class='ocrx_word' id='word_1_258' title='bbox 315 2097 402 2150; x_wconf 77' lang='grc' dir='ltr'><strong>διὰ</strong></span> <span class='ocrx_word' id='word_1_259' title='bbox 431 2096 539 2149; x_wconf 84' lang='grc' dir='ltr'><strong>τῶν</strong></span> <span class='ocrx_word' id='word_1_260' title='bbox 573 2095 753 2149; x_wconf 84' lang='grc' dir='ltr'>πόλων</span> <span class='ocrx_word' id='word_1_261' title='bbox 785 2113 843 2149; x_wconf 88' lang='grc' dir='ltr'><strong>τε</strong></span> <span class='ocrx_word' id='word_1_262' title='bbox 872 2095 965 2148; x_wconf 70' lang='grc' dir='ltr'>καὶ</span> <span class='ocrx_word' id='word_1_263' title='bbox 997 2094 1106 2148; x_wconf 84' lang='grc' dir='ltr'><strong>τῶν</strong></span> <span class='ocrx_word' id='word_1_264' title='bbox 1133 2091 1414 2165; x_wconf 83' lang='grc' dir='ltr'><strong>τροπικῶν</strong></span> <span class='ocrx_word' id='word_1_265' title='bbox 1448 2090 1691 2160; x_wconf 82' lang='grc' dir='ltr'>σημείων</span> 
     </span>
    </p>
   </div>
   <div class='ocr_carea' id='block_1_39' title="bbox 103 2182 1693 2258">
    <p class='ocr_par' dir='ltr' id='par_1_39' title="bbox 103 2182 1693 2258">
     <span class='ocr_line' id='line_1_39' title="bbox 103 2182 1693 2258; baseline -0.003 -18"><span class='ocrx_word' id='word_1_266' title='bbox 103 2187 448 2258; x_wconf 79' lang='grc' dir='ltr'>γραφόμενοι</span> <span class='ocrx_word' id='word_1_267' title='bbox 479 2187 722 2258; x_wconf 88' lang='grc' dir='ltr'>μέγιστοι</span> <span class='ocrx_word' id='word_1_268' title='bbox 768 2187 990 2252; x_wconf 84' lang='grc' dir='ltr'>κύκλοι,</span> <span class='ocrx_word' id='word_1_269' title='bbox 1038 2184 1116 2256; x_wconf 82' lang='grc' dir='ltr'>τῷ</span> <span class='ocrx_word' id='word_1_270' title='bbox 1143 2185 1287 2255; x_wconf 85' lang='grc' dir='ltr'>λόγῳ</span> <span class='ocrx_word' id='word_1_271' title='bbox 1319 2183 1568 2254; x_wconf 82' lang='grc' dir='ltr'>μένοντες</span> <span class='ocrx_word' id='word_1_272' title='bbox 1599 2182 1693 2236; x_wconf 82' lang='grc' dir='ltr'><strong>κὺ-</strong></span> 
     </span>
    </p>
   </div>
   <div class='ocr_carea' id='block_1_40' title="bbox 106 2274 1689 2350">
    <p class='ocr_par' dir='ltr' id='par_1_40' title="bbox 106 2274 1689 2350">
     <span class='ocr_line' id='line_1_40' title="bbox 106 2274 1689 2350; baseline -0.005 -17"><span class='ocrx_word' id='word_1_273' title='bbox 106 2280 252 2346; x_wconf 84' lang='grc' dir='ltr'>κλοι,</span> <span class='ocrx_word' id='word_1_274' title='bbox 288 2279 574 2347; x_wconf 83' lang='grc' dir='ltr'>γεγόνασιν</span> <span class='ocrx_word' id='word_1_275' title='bbox 602 2278 811 2332; x_wconf 85' lang='grc' dir='ltr'>εὐθεῖαι</span> <span class='ocrx_word' id='word_1_276' title='bbox 844 2281 910 2350; x_wconf 81' lang='grc' dir='ltr'>τῇ</span> <span class='ocrx_word' id='word_1_277' title='bbox 960 2277 1247 2348; x_wconf 78' lang='grc' dir='ltr'>μεταθέσει</span> <span class='ocrx_word' id='word_1_278' title='bbox 1277 2274 1371 2329; x_wconf 79' lang='grc' dir='ltr'><strong>τοῦ</strong></span> <span class='ocrx_word' id='word_1_279' title='bbox 1401 2275 1689 2345; x_wconf 86' lang='grc' dir='ltr'>θεωρήμα-</span> 
     </span>
    </p>
   </div>
   <div class='ocr_carea' id='block_1_41' title="bbox 106 2365 1694 2444">
    <p class='ocr_par' dir='ltr' id='par_1_41' title="bbox 106 2365 1694 2444">
     <span class='ocr_line' id='line_1_41' title="bbox 106 2365 1694 2444; baseline -0.004 -20"><span class='ocrx_word' id='word_1_280' title='bbox 106 2388 205 2435; x_wconf 87' lang='grc' dir='ltr'><strong>τος</strong></span> <span class='ocrx_word' id='word_1_281' title='bbox 227 2388 240 2401; x_wconf 89' lang='grc'><strong>·</strong></span> <span class='ocrx_word' id='word_1_282' title='bbox 287 2372 317 2425; x_wconf 87' lang='grc' dir='ltr'><strong>ὃ</strong></span> <span class='ocrx_word' id='word_1_283' title='bbox 345 2389 404 2424; x_wconf 89' lang='grc' dir='ltr'><strong>τε</strong></span> <span class='ocrx_word' id='word_1_284' title='bbox 442 2372 828 2444; x_wconf 84' lang='grc' dir='ltr'>Ἀνταρκτικδς</span> <span class='ocrx_word' id='word_1_285' title='bbox 869 2369 1070 2441; x_wconf 79' lang='grc' dir='ltr'>μείζων</span> <span class='ocrx_word' id='word_1_286' title='bbox 1099 2369 1418 2422; x_wconf 81' lang='grc' dir='ltr'>ὲντέτακται</span> <span class='ocrx_word' id='word_1_287' title='bbox 1456 2365 1564 2419; x_wconf 86' lang='grc' dir='ltr'><strong>τῶν</strong></span> <span class='ocrx_word' id='word_1_288' title='bbox 1599 2381 1694 2434; x_wconf 82' lang='grc' dir='ltr'>με·</span> 
     </span>
    </p>
   </div>
   <div class='ocr_carea' id='block_1_42' title="bbox 108 2453 1695 2534">
    <p class='ocr_par' dir='ltr' id='par_1_42' title="bbox 108 2453 1695 2534">
     <span class='ocr_line' id='line_1_42' title="bbox 108 2453 1695 2534; baseline -0.005 -19"><span class='ocrx_word' id='word_1_289' title='bbox 108 2463 336 2529; x_wconf 85' lang='grc' dir='ltr'>γίστων,</span> <span class='ocrx_word' id='word_1_290' title='bbox 361 2463 455 2516; x_wconf 75' lang='grc' dir='ltr'>καὶ</span> <span class='ocrx_word' id='word_1_291' title='bbox 484 2463 552 2516; x_wconf 84' lang='grc' dir='ltr'>τὰ</span> <span class='ocrx_word' id='word_1_292' title='bbox 583 2463 719 2534; x_wconf 84' lang='grc' dir='ltr'>πρὸς</span> <span class='ocrx_word' id='word_1_293' title='bbox 750 2462 1008 2532; x_wconf 83' lang='grc' dir='ltr'>ἀλλήλους</span> <span class='ocrx_word' id='word_1_294' title='bbox 1034 2461 1378 2529; x_wconf 83' lang='grc' dir='ltr'>διαστήματα</span> <span class='ocrx_word' id='word_1_295' title='bbox 1403 2455 1514 2509; x_wconf 85' lang='grc' dir='ltr'><strong>τῶν</strong></span> <span class='ocrx_word' id='word_1_296' title='bbox 1534 2453 1695 2508; x_wconf 59' lang='grc' dir='ltr'>ἀστέέ</span> 
     </span>
    </p>
   </div>
   <div class='ocr_carea' id='block_1_43' title="bbox 116 2545 1692 2624">
    <p class='ocr_par' dir='ltr' id='par_1_43' title="bbox 116 2545 1692 2624">
     <span class='ocr_line' id='line_1_43' title="bbox 116 2545 1692 2624; baseline -0.005 -18"><span class='ocrx_word' id='word_1_297' title='bbox 116 2571 227 2621; x_wconf 83' lang='grc' dir='ltr'><strong>ρων</strong></span> <span class='ocrx_word' id='word_1_298' title='bbox 260 2553 596 2624; x_wconf 84' lang='grc' dir='ltr'>ὲμεγεθύνθη</span> <span class='ocrx_word' id='word_1_299' title='bbox 638 2553 757 2608; x_wconf 82' lang='grc' dir='ltr'>κατ’</span> <span class='ocrx_word' id='word_1_300' title='bbox 791 2554 966 2607; x_wconf 77' lang='grc' dir='ltr'>ἐκεῖνο</span> <span class='ocrx_word' id='word_1_301' title='bbox 1007 2552 1108 2622; x_wconf 84' lang='grc' dir='ltr'>τῆς</span> <span class='ocrx_word' id='word_1_302' title='bbox 1152 2548 1532 2616; x_wconf 78' lang='grc' dir='ltr'>ἐξαπλὼσεως.</span> <span class='ocrx_word' id='word_1_303' title='bbox 1570 2545 1692 2598; x_wconf 89' lang='grc' dir='ltr'>Τῶν</span> 
     </span>
    </p>
   </div>
   <div class='ocr_carea' id='block_1_44' title="bbox 112 2635 1694 2718">
    <p class='ocr_par' dir='ltr' id='par_1_44' title="bbox 112 2635 1694 2718">
     <span class='ocr_line' id='line_1_44' title="bbox 112 2635 1694 2718; baseline -0.006 -20"><span class='ocrx_word' id='word_1_304' title='bbox 112 2645 174 2698; x_wconf 82' lang='grc' dir='ltr'>δὲ</span> <span class='ocrx_word' id='word_1_305' title='bbox 203 2646 638 2718; x_wconf 78' lang='grc' dir='ltr'>ἐπιγραμμάτων</span> <span class='ocrx_word' id='word_1_306' title='bbox 680 2645 715 2699; x_wconf 77' lang='grc' dir='ltr'>ὃ.</span> <span class='ocrx_word' id='word_1_307' title='bbox 745 2646 834 2699; x_wconf 75' lang='grc' dir='ltr'><strong>διὰ</strong></span> <span class='ocrx_word' id='word_1_308' title='bbox 861 2644 1064 2716; x_wconf 82' lang='grc' dir='ltr'>χρυσοῦ</span> <span class='ocrx_word' id='word_1_309' title='bbox 1097 2641 1318 2714; x_wconf 81' lang='grc' dir='ltr'>στερεοῦ</span> <span class='ocrx_word' id='word_1_310' title='bbox 1345 2643 1466 2703; x_wconf 85' lang='grc' dir='ltr'>ταῖς</span> <span class='ocrx_word' id='word_1_311' title='bbox 1501 2635 1694 2708; x_wconf 81' lang='grc' dir='ltr'>σχολα-</span> 
     </span>
    </p>
   </div>
   <div class='ocr_carea' id='block_1_45' title="bbox 117 2727 1695 2808">
    <p class='ocr_par' dir='ltr' id='par_1_45' title="bbox 117 2727 1695 2808">
     <span class='ocr_line' id='line_1_45' title="bbox 117 2727 1695 2808; baseline -0.004 -20"><span class='ocrx_word' id='word_1_312' title='bbox 117 2735 340 2800; x_wconf 83' lang='grc' dir='ltr'>ζούσαις</span> <span class='ocrx_word' id='word_1_313' title='bbox 384 2736 630 2808; x_wconf 79' lang='grc' dir='ltr'>ἀστέρων</span> <span class='ocrx_word' id='word_1_314' title='bbox 676 2737 916 2807; x_wconf 81' lang='grc' dir='ltr'>χώραις,</span> <span class='ocrx_word' id='word_1_315' title='bbox 965 2736 1106 2790; x_wconf 86' lang='grc' dir='ltr'>κατὰ</span> <span class='ocrx_word' id='word_1_316' title='bbox 1162 2735 1252 2787; x_wconf 85' lang='grc' dir='ltr'>τὸν</span> <span class='ocrx_word' id='word_1_317' title='bbox 1307 2727 1695 2800; x_wconf 81' lang='grc' dir='ltr'>Ἀνταρκτικδν</span> 
     </span>
    </p>
   </div>
   <div class='ocr_carea' id='block_1_46' title="bbox 118 2819 1700 2898">
    <p class='ocr_par' dir='ltr' id='par_1_46' title="bbox 118 2819 1700 2898">
     <span class='ocr_line' id='line_1_46' title="bbox 118 2819 1700 2898; baseline -0.005 -18"><span class='ocrx_word' id='word_1_318' title='bbox 118 2827 319 2880; x_wconf 81' lang='grc' dir='ltr'>κύκλον</span> <span class='ocrx_word' id='word_1_319' title='bbox 348 2827 746 2898; x_wconf 67' lang='grc' dir='ltr'>ὲγκολάῲαντες</span> <span class='ocrx_word' id='word_1_320' title='bbox 777 2827 1138 2898; x_wconf 82' lang='grc' dir='ltr'>ὲνεθήκαμεν,</span> <span class='ocrx_word' id='word_1_321' title='bbox 1172 2828 1232 2879; x_wconf 78' lang='grc' dir='ltr'>τὸ</span> <span class='ocrx_word' id='word_1_322' title='bbox 1264 2827 1360 2896; x_wconf 75' lang='grc' dir='ltr'><strong>μὲν</strong></span> <span class='ocrx_word' id='word_1_323' title='bbox 1387 2823 1611 2892; x_wconf 73' lang='grc' dir='ltr'>ὕστερον</span> <span class='ocrx_word' id='word_1_324' title='bbox 1638 2819 1700 2872; x_wconf 76' lang='grc' dir='ltr'>τὸ</span> 
     </span>
    </p>
   </div>
   <div class='ocr_carea' id='block_1_47' title="bbox 117 2912 1702 2990">
    <p class='ocr_par' dir='ltr' id='par_1_47' title="bbox 117 2912 1702 2990">
     <span class='ocr_line' id='line_1_47' title="bbox 117 2912 1702 2990; baseline -0.004 -20"><span class='ocrx_word' id='word_1_325' title='bbox 117 2918 471 2988; x_wconf 81' lang='grc' dir='ltr'>τετράστιχον</span> <span class='ocrx_word' id='word_1_326' title='bbox 529 2919 754 2990; x_wconf 82' lang='grc' dir='ltr'>ἀρχαῖόν</span> <span class='ocrx_word' id='word_1_327' title='bbox 801 2922 981 2985; x_wconf 76' lang='grc' dir='ltr'>ἐστιν,</span> <span class='ocrx_word' id='word_1_328' title='bbox 1030 2916 1409 2986; x_wconf 86' lang='grc' dir='ltr'>ἁπλουστέρως</span> <span class='ocrx_word' id='word_1_329' title='bbox 1454 2913 1574 2984; x_wconf 77' lang='grc' dir='ltr'>ἕχον</span> <span class='ocrx_word' id='word_1_330' title='bbox 1621 2912 1702 2974; x_wconf 79' lang='grc' dir='ltr'>εἰς</span> 
     </span>
    </p>
   </div>
   <div class='ocr_carea' id='block_1_48' title="bbox 121 3011 819 3083">
    <p class='ocr_par' dir='ltr' id='par_1_48' title="bbox 121 3011 819 3083">
     <span class='ocr_line' id='line_1_48' title="bbox 121 3011 819 3083; baseline 0.001 -19"><span class='ocrx_word' id='word_1_331' title='bbox 121 3011 484 3083; x_wconf 85' lang='grc' dir='ltr'>ἀστρονομίαν</span> <span class='ocrx_word' id='word_1_332' title='bbox 508 3012 781 3083; x_wconf 76' lang='grc' dir='ltr'>ἐγκώμιον</span> <span class='ocrx_word' id='word_1_333' title='bbox 804 3027 819 3044; x_wconf 74' lang='grc'><strong><em>⁸</em></strong></span> 
     </span>
    </p>
   </div>
   <div class='ocr_carea' id='block_1_49' title="bbox 1797 1898 3376 1972">
    <p class='ocr_par' dir='ltr' id='par_1_49' title="bbox 1797 1898 3376 1972">
     <span class='ocr_line' id='line_1_49' title="bbox 1797 1898 3376 1972; baseline -0.004 -14"><span class='ocrx_word' id='word_1_334' title='bbox 1797 1920 1918 1960; x_wconf 87' lang='lat' dir='ltr'><strong>mus</strong></span> <span class='ocrx_word' id='word_1_335' title='bbox 1944 1923 1956 1959; x_wconf 91' lang='lat'>:</span> <span class='ocrx_word' id='word_1_336' title='bbox 1990 1904 2279 1960; x_wconf 88' lang='lat' dir='ltr'><strong>universos</strong></span> <span class='ocrx_word' id='word_1_337' title='bbox 2303 1912 2485 1959; x_wconf 90' lang='lat' dir='ltr'><strong>autem</strong></span> <span class='ocrx_word' id='word_1_338' title='bbox 2517 1904 2571 1957; x_wconf 94' lang='lat' dir='ltr'><strong>in</strong></span> <span class='ocrx_word' id='word_1_339' title='bbox 2603 1909 2786 1972; x_wconf 89' lang='lat' dir='ltr'><strong>partes</strong></span> <span class='ocrx_word' id='word_1_340' title='bbox 2809 1901 3117 1966; x_wconf 85' lang='lat' dir='ltr'><strong>secuimus;</strong></span> <span class='ocrx_word' id='word_1_341' title='bbox 3147 1910 3199 1954; x_wconf 88' lang='lat' dir='ltr'><strong>et</strong></span> <span class='ocrx_word' id='word_1_342' title='bbox 3223 1898 3376 1968; x_wconf 91' lang='lat' dir='ltr'><strong>quin-</strong></span> 
     </span>
    </p>
   </div>
   <div class='ocr_carea' id='block_1_50' title="bbox 1797 1990 3376 2065">
    <p class='ocr_par' dir='ltr' id='par_1_50' title="bbox 1797 1990 3376 2065">
     <span class='ocr_line' id='line_1_50' title="bbox 1797 1990 3376 2065; baseline -0.003 -18"><span class='ocrx_word' id='word_1_343' title='bbox 1797 2004 1974 2049; x_wconf 87' lang='lat' dir='ltr'><strong>tarum</strong></span> <span class='ocrx_word' id='word_1_344' title='bbox 2004 2002 2156 2050; x_wconf 88' lang='lat' dir='ltr'><strong>certe</strong></span> <span class='ocrx_word' id='word_1_345' title='bbox 2182 1997 2418 2065; x_wconf 90' lang='lat' dir='ltr'><strong>partium</strong></span> <span class='ocrx_word' id='word_1_346' title='bbox 2447 1995 2620 2050; x_wconf 84' lang='lat' dir='ltr'><strong>lineas</strong></span> <span class='ocrx_word' id='word_1_347' title='bbox 2642 1993 2964 2064; x_wconf 86' lang='lat' dir='ltr'><strong>grandiores</strong></span> <span class='ocrx_word' id='word_1_348' title='bbox 2986 2005 3148 2060; x_wconf 89' lang='lat' dir='ltr'><strong>quam</strong></span> <span class='ocrx_word' id='word_1_349' title='bbox 3185 1990 3376 2058; x_wconf 88' lang='lat' dir='ltr'><strong>singu-</strong></span> 
     </span>
    </p>
   </div>
   <div class='ocr_carea' id='block_1_51' title="bbox 1797 2081 3379 2156">
    <p class='ocr_par' dir='ltr' id='par_1_51' title="bbox 1797 2081 3379 2156">
     <span class='ocr_line' id='line_1_51' title="bbox 1797 2081 3379 2156; baseline -0.003 -18"><span class='ocrx_word' id='word_1_350' title='bbox 1797 2086 1974 2138; x_wconf 89' lang='lat' dir='ltr'><strong>larum</strong></span> <span class='ocrx_word' id='word_1_351' title='bbox 2015 2087 2251 2156; x_wconf 79' lang='lat' dir='ltr'><strong>partium</strong></span> <span class='ocrx_word' id='word_1_352' title='bbox 2291 2084 2518 2140; x_wconf 82' lang='lat' dir='ltr'><strong>fecimus</strong></span> <span class='ocrx_word' id='word_1_353' title='bbox 2550 2102 2564 2139; x_wconf 90' lang='lat'><strong>:</strong></span> <span class='ocrx_word' id='word_1_354' title='bbox 2602 2093 2892 2155; x_wconf 87' lang='lat' dir='ltr'><strong>propterea</strong></span> <span class='ocrx_word' id='word_1_355' title='bbox 2925 2081 3075 2154; x_wconf 79' lang='lat' dir='ltr'><strong>quod</strong></span> <span class='ocrx_word' id='word_1_356' title='bbox 3112 2095 3379 2136; x_wconf 79' lang='lat' dir='ltr'><strong>numero-</strong></span> 
     </span>
    </p>
   </div>
   <div class='ocr_carea' id='block_1_52' title="bbox 1797 2171 3375 2245">
    <p class='ocr_par' dir='ltr' id='par_1_52' title="bbox 1797 2171 3375 2245">
     <span class='ocr_line' id='line_1_52' title="bbox 1797 2171 3375 2245; baseline -0.003 -17"><span class='ocrx_word' id='word_1_357' title='bbox 1797 2185 1916 2229; x_wconf 87' lang='lat' dir='ltr'><strong>rum</strong></span> <span class='ocrx_word' id='word_1_358' title='bbox 1957 2179 2119 2229; x_wconf 83' lang='lat' dir='ltr'><strong>etiam</strong></span> <span class='ocrx_word' id='word_1_359' title='bbox 2168 2175 2556 2245; x_wconf 89' lang='lat' dir='ltr'><strong>inscriptiones</strong></span> <span class='ocrx_word' id='word_1_360' title='bbox 2596 2175 2750 2243; x_wconf 76' lang='lat' dir='ltr'><strong>juxta</strong></span> <span class='ocrx_word' id='word_1_361' title='bbox 2796 2172 2894 2226; x_wconf 88' lang='lat' dir='ltr'><strong>has</strong></span> <span class='ocrx_word' id='word_1_362' title='bbox 2938 2171 3375 2239; x_wconf 79' lang='lat' dir='ltr'><strong>exsculpsimus,</strong></span> 
     </span>
    </p>
   </div>
   <div class='ocr_carea' id='block_1_53' title="bbox 1795 2261 3378 2336">
    <p class='ocr_par' dir='ltr' id='par_1_53' title="bbox 1795 2261 3378 2336">
     <span class='ocr_line' id='line_1_53' title="bbox 1795 2261 3378 2336; baseline -0.005 -16"><span class='ocrx_word' id='word_1_363' title='bbox 1795 2276 1960 2336; x_wconf 86' lang='lat' dir='ltr'><strong>atque</strong></span> <span class='ocrx_word' id='word_1_364' title='bbox 1992 2269 2045 2319; x_wconf 91' lang='lat' dir='ltr'><strong>in</strong></span> <span class='ocrx_word' id='word_1_365' title='bbox 2067 2273 2330 2336; x_wconf 81' lang='lat' dir='ltr'><strong>argento,</strong></span> <span class='ocrx_word' id='word_1_366' title='bbox 2373 2266 2427 2318; x_wconf 89' lang='lat' dir='ltr'><strong>in</strong></span> <span class='ocrx_word' id='word_1_367' title='bbox 2469 2279 2578 2334; x_wconf 90' lang='lat' dir='ltr'><strong>quo</strong></span> <span class='ocrx_word' id='word_1_368' title='bbox 2611 2271 2788 2317; x_wconf 88' lang='lat' dir='ltr'><strong>atrum</strong></span> <span class='ocrx_word' id='word_1_369' title='bbox 2831 2261 2952 2314; x_wconf 88' lang='lat' dir='ltr'><strong>libri</strong></span> <span class='ocrx_word' id='word_1_370' title='bbox 2997 2262 3233 2330; x_wconf 88' lang='lat' dir='ltr'><strong>speciem</strong></span> <span class='ocrx_word' id='word_1_371' title='bbox 3269 2273 3378 2328; x_wconf 70' lang='lat' dir='ltr'><strong>pra:</strong></span> 
     </span>
    </p>
   </div>
   <div class='ocr_carea' id='block_1_54' title="bbox 1799 2353 3380 2427">
    <p class='ocr_par' dir='ltr' id='par_1_54' title="bbox 1799 2353 3380 2427">
     <span class='ocr_line' id='line_1_54' title="bbox 1799 2353 3380 2427; baseline -0.006 -15"><span class='ocrx_word' id='word_1_372' title='bbox 1799 2375 1857 2413; x_wconf 91' lang='lat' dir='ltr'><strong>se</strong></span> <span class='ocrx_word' id='word_1_373' title='bbox 1887 2359 2015 2422; x_wconf 77' lang='lat' dir='ltr'><strong>fert,</strong></span> <span class='ocrx_word' id='word_1_374' title='bbox 2047 2357 2098 2412; x_wconf 88' lang='lat' dir='ltr'><strong>id</strong></span> <span class='ocrx_word' id='word_1_375' title='bbox 2122 2359 2263 2427; x_wconf 89' lang='lat' dir='ltr'><strong>quod</strong></span> <span class='ocrx_word' id='word_1_376' title='bbox 2294 2357 2505 2411; x_wconf 89' lang='lat' dir='ltr'><strong>litteras</strong></span> <span class='ocrx_word' id='word_1_377' title='bbox 2533 2357 2757 2426; x_wconf 84' lang='lat' dir='ltr'><strong>excipit.</strong></span> <span class='ocrx_word' id='word_1_378' title='bbox 2789 2353 3019 2409; x_wconf 87' lang='lat' dir='ltr'><strong>Dissecti</strong></span> <span class='ocrx_word' id='word_1_379' title='bbox 3042 2359 3222 2406; x_wconf 90' lang='lat' dir='ltr'><strong>autem</strong></span> <span class='ocrx_word' id='word_1_380' title='bbox 3252 2357 3380 2404; x_wconf 90' lang='lat' dir='ltr'><strong>sunt</strong></span> 
     </span>
    </p>
   </div>
   <div class='ocr_carea' id='block_1_55' title="bbox 1800 2446 3376 2518">
    <p class='ocr_par' dir='ltr' id='par_1_55' title="bbox 1800 2446 3376 2518">
     <span class='ocr_line' id='line_1_55' title="bbox 1800 2446 3376 2518; baseline -0.007 -15"><span class='ocrx_word' id='word_1_381' title='bbox 1800 2465 1907 2504; x_wconf 91' lang='lat' dir='ltr'><strong>non</strong></span> <span class='ocrx_word' id='word_1_382' title='bbox 1958 2450 2074 2518; x_wconf 86' lang='lat' dir='ltr'><strong>pari</strong></span> <span class='ocrx_word' id='word_1_383' title='bbox 2133 2449 2277 2502; x_wconf 88' lang='lat' dir='ltr'><strong>serie</strong></span> <span class='ocrx_word' id='word_1_384' title='bbox 2325 2448 2601 2508; x_wconf 88' lang='lat' dir='ltr'><strong>universi,</strong></span> <span class='ocrx_word' id='word_1_385' title='bbox 2635 2455 2744 2500; x_wconf 88' lang='lat' dir='ltr'><strong>tam</strong></span> <span class='ocrx_word' id='word_1_386' title='bbox 2793 2446 2896 2516; x_wconf 89' lang='lat' dir='ltr'><strong>ipsi</strong></span> <span class='ocrx_word' id='word_1_387' title='bbox 2948 2461 3041 2515; x_wconf 90' lang='lat' dir='ltr'><strong>per</strong></span> <span class='ocrx_word' id='word_1_388' title='bbox 3090 2459 3149 2497; x_wconf 86' lang='lat' dir='ltr'><strong>se</strong></span> <span class='ocrx_word' id='word_1_389' title='bbox 3214 2456 3376 2509; x_wconf 88' lang='lat' dir='ltr'><strong>quam</strong></span> 
     </span>
    </p>
   </div>
   <div class='ocr_carea' id='block_1_56' title="bbox 1801 2533 3381 2610">
    <p class='ocr_par' dir='ltr' id='par_1_56' title="bbox 1801 2533 3381 2610">
     <span class='ocr_line' id='line_1_56' title="bbox 1801 2533 3381 2610; baseline -0.006 -14"><span class='ocrx_word' id='word_1_390' title='bbox 1801 2550 2051 2610; x_wconf 81' lang='lat' dir='ltr'><strong>respectu</strong></span> <span class='ocrx_word' id='word_1_391' title='bbox 2107 2541 2248 2593; x_wconf 90' lang='lat' dir='ltr'><strong>inter</strong></span> <span class='ocrx_word' id='word_1_392' title='bbox 2285 2555 2346 2592; x_wconf 90' lang='lat' dir='ltr'><strong>se</strong></span> <span class='ocrx_word' id='word_1_393' title='bbox 2387 2557 2399 2592; x_wconf 89' lang='lat'><strong>:</strong></span> <span class='ocrx_word' id='word_1_394' title='bbox 2453 2539 2546 2592; x_wconf 89' lang='lat' dir='ltr'><strong>sed</strong></span> <span class='ocrx_word' id='word_1_395' title='bbox 2596 2540 2684 2591; x_wconf 86' lang='lat' dir='ltr'><strong>alii</strong></span> <span class='ocrx_word' id='word_1_396' title='bbox 2746 2538 2968 2607; x_wconf 83' lang='lat' dir='ltr'><strong>quidem</strong></span> <span class='ocrx_word' id='word_1_397' title='bbox 3015 2535 3067 2588; x_wconf 93' lang='lat' dir='ltr'><strong>in</strong></span> <span class='ocrx_word' id='word_1_398' title='bbox 3109 2533 3381 2587; x_wconf 86' lang='lat' dir='ltr'><strong>sectiones</strong></span> 
     </span>
    </p>
   </div>
   <div class='ocr_carea' id='block_1_57' title="bbox 1799 2623 3382 2702">
    <p class='ocr_par' dir='ltr' id='par_1_57' title="bbox 1799 2623 3382 2702">
     <span class='ocr_line' id='line_1_57' title="bbox 1799 2623 3382 2702; baseline -0.008 -15"><span class='ocrx_word' id='word_1_399' title='bbox 1799 2633 2076 2702; x_wconf 67' lang='lat' dir='ltr'><strong>mquales,</strong></span> <span class='ocrx_word' id='word_1_400' title='bbox 2132 2630 2222 2682; x_wconf 87' lang='lat' dir='ltr'><strong>alii</strong></span> <span class='ocrx_word' id='word_1_401' title='bbox 2292 2643 2421 2681; x_wconf 79' lang='lat' dir='ltr'><strong>vero</strong></span> <span class='ocrx_word' id='word_1_402' title='bbox 2481 2629 2878 2696; x_wconf 68' lang='lat' dir='ltr'><strong>inaequabiliter</strong></span> <span class='ocrx_word' id='word_1_403' title='bbox 2927 2633 2981 2680; x_wconf 87' lang='lat' dir='ltr'><strong>et</strong></span> <span class='ocrx_word' id='word_1_404' title='bbox 3045 2623 3382 2692; x_wconf 68' lang='lat' dir='ltr'><strong>inaaqttaliter</strong></span> 
     </span>
    </p>
   </div>
   <div class='ocr_carea' id='block_1_58' title="bbox 1805 2713 3378 2789">
    <p class='ocr_par' dir='ltr' id='par_1_58' title="bbox 1805 2713 3378 2789">
     <span class='ocr_line' id='line_1_58' title="bbox 1805 2713 3378 2789; baseline -0.008 -10"><span class='ocrx_word' id='word_1_405' title='bbox 1805 2740 2000 2786; x_wconf 87' lang='lat' dir='ltr'><strong>sensu,</strong></span> <span class='ocrx_word' id='word_1_406' title='bbox 2039 2722 2250 2776; x_wconf 87' lang='lat' dir='ltr'><strong>ratione</strong></span> <span class='ocrx_word' id='word_1_407' title='bbox 2285 2729 2467 2775; x_wconf 87' lang='lat' dir='ltr'><strong>autem</strong></span> <span class='ocrx_word' id='word_1_408' title='bbox 2507 2729 2563 2774; x_wconf 91' lang='lat' dir='ltr'><strong>et</strong></span> <span class='ocrx_word' id='word_1_409' title='bbox 2601 2719 2940 2789; x_wconf 65' lang='lat' dir='ltr'><strong>atquabilitcr</strong></span> <span class='ocrx_word' id='word_1_410' title='bbox 2975 2725 3028 2770; x_wconf 86' lang='lat' dir='ltr'><strong>et</strong></span> <span class='ocrx_word' id='word_1_411' title='bbox 3075 2713 3378 2783; x_wconf 60' lang='lat' dir='ltr'><strong>mqttaliter.</strong></span> 
     </span>
    </p>
   </div>
   <div class='ocr_carea' id='block_1_59' title="bbox 1805 2803 3384 2882">
    <p class='ocr_par' dir='ltr' id='par_1_59' title="bbox 1805 2803 3384 2882">
     <span class='ocr_line' id='line_1_59' title="bbox 1805 2803 3384 2882; baseline -0.009 -13"><span class='ocrx_word' id='word_1_412' title='bbox 1805 2814 1865 2870; x_wconf 85' lang='lat' dir='ltr'><strong>Id</strong></span> <span class='ocrx_word' id='word_1_413' title='bbox 1911 2813 2054 2869; x_wconf 89' lang='lat' dir='ltr'><strong>enim</strong></span> <span class='ocrx_word' id='word_1_414' title='bbox 2118 2813 2371 2876; x_wconf 78' lang='lat' dir='ltr'><strong>accidere</strong></span> <span class='ocrx_word' id='word_1_415' title='bbox 2425 2819 2668 2882; x_wconf 87' lang='lat' dir='ltr'><strong>oportet,</strong></span> <span class='ocrx_word' id='word_1_416' title='bbox 2724 2819 2785 2864; x_wconf 90' lang='lat' dir='ltr'><strong>ut</strong></span> <span class='ocrx_word' id='word_1_417' title='bbox 2845 2815 3214 2862; x_wconf 87' lang='lat' dir='ltr'><strong>consentanea</strong></span> <span class='ocrx_word' id='word_1_418' title='bbox 3271 2803 3384 2857; x_wconf 89' lang='lat' dir='ltr'><strong>sint</strong></span> 
     </span>
    </p>
   </div>
   <div class='ocr_carea' id='block_1_60' title="bbox 1810 2893 3386 2975">
    <p class='ocr_par' dir='ltr' id='par_1_60' title="bbox 1810 2893 3386 2975">
     <span class='ocr_line' id='line_1_60' title="bbox 1810 2893 3386 2975; baseline -0.011 -13"><span class='ocrx_word' id='word_1_419' title='bbox 1810 2907 2040 2962; x_wconf 77' lang='lat' dir='ltr'><strong>diversa:</strong></span> <span class='ocrx_word' id='word_1_420' title='bbox 2087 2904 2290 2975; x_wconf 70' lang='lat' dir='ltr'><strong>ligurm.</strong></span> <span class='ocrx_word' id='word_1_421' title='bbox 2320 2905 2436 2970; x_wconf 85' lang='lat' dir='ltr'><strong>Qua</strong></span> <span class='ocrx_word' id='word_1_422' title='bbox 2493 2903 2560 2957; x_wconf 84' lang='lat' dir='ltr'><strong>de</strong></span> <span class='ocrx_word' id='word_1_423' title='bbox 2611 2916 2776 2956; x_wconf 86' lang='lat' dir='ltr'><strong>causa</strong></span> <span class='ocrx_word' id='word_1_424' title='bbox 2809 2909 2863 2954; x_wconf 89' lang='lat' dir='ltr'><strong>et</strong></span> <span class='ocrx_word' id='word_1_425' title='bbox 2903 2899 2981 2952; x_wconf 91' lang='lat' dir='ltr'><strong>illi</strong></span> <span class='ocrx_word' id='word_1_426' title='bbox 3023 2893 3244 2950; x_wconf 78' lang='lat' dir='ltr'><strong>maximi</strong></span> <span class='ocrx_word' id='word_1_427' title='bbox 3283 2893 3386 2947; x_wconf 90' lang='lat' dir='ltr'><strong>cir-</strong></span> 
     </span>
    </p>
   </div>
   <div class='ocr_carea' id='block_1_61' title="bbox 1817 2987 3402 3066">
    <p class='ocr_par' dir='ltr' id='par_1_61' title="bbox 1817 2987 3402 3066">
     <span class='ocr_line' id='line_1_61' title="bbox 1817 2987 3402 3066; baseline -0.009 -13"><span class='ocrx_word' id='word_1_428' title='bbox 1817 2998 1922 3053; x_wconf 87' lang='lat' dir='ltr'><strong>culi</strong></span> <span class='ocrx_word' id='word_1_429' title='bbox 1952 2997 2045 3065; x_wconf 90' lang='lat' dir='ltr'><strong>qui</strong></span> <span class='ocrx_word' id='word_1_430' title='bbox 2083 3012 2178 3065; x_wconf 89' lang='lat' dir='ltr'><strong>per</strong></span> <span class='ocrx_word' id='word_1_431' title='bbox 2201 2999 2356 3066; x_wconf 90' lang='lat' dir='ltr'><strong>polos</strong></span> <span class='ocrx_word' id='word_1_432' title='bbox 2386 3003 2440 3050; x_wconf 88' lang='lat' dir='ltr'><strong>et</strong></span> <span class='ocrx_word' id='word_1_433' title='bbox 2470 3003 2669 3065; x_wconf 89' lang='lat' dir='ltr'><strong>puncta</strong></span> <span class='ocrx_word' id='word_1_434' title='bbox 2701 2992 2911 3060; x_wconf 83' lang='lat' dir='ltr'><strong>tropica</strong></span> <span class='ocrx_word' id='word_1_435' title='bbox 2960 2987 3402 3048; x_wconf 81' lang='lat' dir='ltr'><strong>describuntur,.</strong></span> 
     </span>
    </p>
   </div>
   <div class='ocr_carea' id='block_1_62' title="bbox 123 3082 3384 3168">
    <p class='ocr_par' dir='ltr' id='par_1_62' title="bbox 123 3082 3384 3168">
     <span class='ocr_line' id='line_1_62' title="bbox 123 3082 3384 3168; baseline -0.01 -6"><span class='ocrx_word' id='word_1_436' title='bbox 123 3122 249 3162; x_wconf 92' lang='lat' dir='ltr'><strong>cum</strong></span> <span class='ocrx_word' id='word_1_437' title='bbox 283 3109 616 3163; x_wconf 88' lang='lat' dir='ltr'><strong>circulorum</strong></span> <span class='ocrx_word' id='word_1_438' title='bbox 642 3108 908 3162; x_wconf 89' lang='lat' dir='ltr'><strong>rationem</strong></span> <span class='ocrx_word' id='word_1_439' title='bbox 942 3105 1236 3168; x_wconf 88' lang='lat' dir='ltr'><strong>retineant,</strong></span> <span class='ocrx_word' id='word_1_440' title='bbox 1261 3102 1594 3156; x_wconf 89' lang='lat' dir='ltr'><strong>theoremate</strong></span> <span class='ocrx_word' id='word_1_441' title='bbox 1615 3101 1846 3151; x_wconf 82' lang='lat' dir='ltr'><strong>mutato.</strong></span> <span class='ocrx_word' id='word_1_442' title='bbox 1878 3102 2040 3146; x_wconf 66' lang='lat' dir='ltr'><strong>rectae</strong></span> <span class='ocrx_word' id='word_1_443' title='bbox 2061 3090 2219 3145; x_wconf 73' lang='lat' dir='ltr'><strong>lineae</strong></span> <span class='ocrx_word' id='word_1_444' title='bbox 2250 3089 2376 3144; x_wconf 79' lang='lat' dir='ltr'><strong>facti</strong></span> <span class='ocrx_word' id='word_1_445' title='bbox 2409 3099 2538 3144; x_wconf 91' lang='lat' dir='ltr'><strong>sunt</strong></span> <span class='ocrx_word' id='word_1_446' title='bbox 2566 3105 2578 3139; x_wconf 91' lang='lat'><strong>:</strong></span> <span class='ocrx_word' id='word_1_447' title='bbox 2605 3087 3058 3152; x_wconf 81' lang='lat' dir='ltr'><strong>Antarcticusque</strong></span> <span class='ocrx_word' id='word_1_448' title='bbox 3087 3086 3162 3138; x_wconf 86' lang='lat' dir='ltr'><strong>ita</strong></span> <span class='ocrx_word' id='word_1_449' title='bbox 3203 3082 3384 3168; x_wconf 54' lang='lat' dir='ltr'><strong>inser:</strong></span> 
     </span>
    </p>
   </div>
   <div class='ocr_carea' id='block_1_63' title="bbox 126 3157 3384 3268">
    <p class='ocr_par' dir='ltr' id='par_1_63' title="bbox 126 3157 3384 3268">
     <span class='ocr_line' id='line_1_63' title="bbox 126 3157 3384 3268; baseline -0.01 -15"><span class='ocrx_word' id='word_1_450' title='bbox 126 3207 218 3253; x_wconf 87' lang='lat' dir='ltr'><strong>tus</strong></span> <span class='ocrx_word' id='word_1_451' title='bbox 245 3207 351 3264; x_wconf 91' lang='lat' dir='ltr'><strong>est,</strong></span> <span class='ocrx_word' id='word_1_452' title='bbox 392 3207 449 3252; x_wconf 88' lang='lat' dir='ltr'><strong>ut</strong></span> <span class='ocrx_word' id='word_1_453' title='bbox 485 3198 657 3268; x_wconf 87' lang='lat' dir='ltr'><strong>major</strong></span> <span class='ocrx_word' id='word_1_454' title='bbox 681 3201 753 3253; x_wconf 88' lang='lat' dir='ltr'><strong>sit</strong></span> <span class='ocrx_word' id='word_1_455' title='bbox 774 3213 938 3268; x_wconf 84' lang='lat' dir='ltr'><strong>quam</strong></span> <span class='ocrx_word' id='word_1_456' title='bbox 971 3196 1048 3250; x_wconf 90' lang='lat' dir='ltr'><strong>illi</strong></span> <span class='ocrx_word' id='word_1_457' title='bbox 1073 3193 1300 3249; x_wconf 80' lang='lat' dir='ltr'><strong>maximi</strong></span> <span class='ocrx_word' id='word_1_458' title='bbox 1343 3209 1358 3247; x_wconf 90' lang='lat'><strong>:</strong></span> <span class='ocrx_word' id='word_1_459' title='bbox 1387 3199 1498 3244; x_wconf 91' lang='lat' dir='ltr'><strong>tum</strong></span> <span class='ocrx_word' id='word_1_460' title='bbox 1539 3186 1818 3242; x_wconf 79' lang='lat' dir='ltr'><strong>intervalla</strong></span> <span class='ocrx_word' id='word_1_461' title='bbox 1849 3184 2049 3252; x_wconf 90' lang='lat' dir='ltr'><strong>quibus</strong></span> <span class='ocrx_word' id='word_1_462' title='bbox 2087 3184 2258 3239; x_wconf 67' lang='lat' dir='ltr'><strong>stellae</strong></span> <span class='ocrx_word' id='word_1_463' title='bbox 2302 3183 2442 3235; x_wconf 81' lang='lat' dir='ltr'><strong>inter</strong></span> <span class='ocrx_word' id='word_1_464' title='bbox 2471 3195 2530 3234; x_wconf 89' lang='lat' dir='ltr'><strong>se</strong></span> <span class='ocrx_word' id='word_1_465' title='bbox 2555 3177 2795 3241; x_wconf 87' lang='lat' dir='ltr'><strong>distant,</strong></span> <span class='ocrx_word' id='word_1_466' title='bbox 2837 3175 3044 3241; x_wconf 88' lang='lat' dir='ltr'><strong>majora</strong></span> <span class='ocrx_word' id='word_1_467' title='bbox 3075 3174 3215 3227; x_wconf 80' lang='lat' dir='ltr'><strong>facta</strong></span> <span class='ocrx_word' id='word_1_468' title='bbox 3254 3157 3384 3224; x_wconf 67' lang='lat' dir='ltr'><strong>sun‘</strong></span> 
     </span>
    </p>
   </div>
   <div class='ocr_carea' id='block_1_64' title="bbox 127 3261 3382 3361">
    <p class='ocr_par' dir='ltr' id='par_1_64' title="bbox 127 3261 3382 3361">
     <span class='ocr_line' id='line_1_64' title="bbox 127 3261 3382 3361; baseline -0.009 -15"><span class='ocrx_word' id='word_1_469' title='bbox 127 3292 185 3346; x_wconf 92' lang='lat' dir='ltr'><strong>in</strong></span> <span class='ocrx_word' id='word_1_470' title='bbox 225 3293 313 3346; x_wconf 89' lang='lat' dir='ltr'><strong>illa</strong></span> <span class='ocrx_word' id='word_1_471' title='bbox 343 3293 742 3361; x_wconf 79' lang='lat' dir='ltr'><strong>explanationis</strong></span> <span class='ocrx_word' id='word_1_472' title='bbox 773 3261 1004 3346; x_wconf 68' lang='lat' dir='ltr'><strong>ratione.</strong></span> <span class='ocrx_word' id='word_1_473' title='bbox 1047 3289 1122 3344; x_wconf 88' lang='lat' dir='ltr'><strong>De</strong></span> <span class='ocrx_word' id='word_1_474' title='bbox 1161 3283 1575 3358; x_wconf 84' lang='lat' dir='ltr'><strong>epigrammatis</strong></span> <span class='ocrx_word' id='word_1_475' title='bbox 1612 3289 1792 3335; x_wconf 85' lang='lat' dir='ltr'><strong>autem</strong></span> <span class='ocrx_word' id='word_1_476' title='bbox 1815 3321 1827 3340; x_wconf 83' lang='lat'><strong>,</strong></span> <span class='ocrx_word' id='word_1_477' title='bbox 1860 3294 1982 3348; x_wconf 87' lang='lat' dir='ltr'><strong>quae</strong></span> <span class='ocrx_word' id='word_1_478' title='bbox 2020 3293 2085 3334; x_wconf 81' lang='lat' dir='ltr'><strong>ex</strong></span> <span class='ocrx_word' id='word_1_479' title='bbox 2129 3278 2308 3334; x_wconf 89' lang='lat' dir='ltr'><strong>solido</strong></span> <span class='ocrx_word' id='word_1_480' title='bbox 2335 3289 2470 3329; x_wconf 83' lang='lat' dir='ltr'><strong>auro</strong></span> <span class='ocrx_word' id='word_1_481' title='bbox 2499 3275 2554 3328; x_wconf 84' lang='lat' dir='ltr'><strong>in</strong></span> <span class='ocrx_word' id='word_1_482' title='bbox 2581 3272 2822 3325; x_wconf 68' lang='lat' dir='ltr'><strong>vacuisa</strong></span> <span class='ocrx_word' id='word_1_483' title='bbox 2858 3269 3035 3324; x_wconf 88' lang='lat' dir='ltr'><strong>stellis</strong></span> <span class='ocrx_word' id='word_1_484' title='bbox 3076 3265 3249 3329; x_wconf 89' lang='lat' dir='ltr'><strong>locis,</strong></span> <span class='ocrx_word' id='word_1_485' title='bbox 3282 3261 3382 3319; x_wconf 82' lang='lat' dir='ltr'><strong>sui:</strong></span> 
     </span>
    </p>
   </div>
   <div class='ocr_carea' id='block_1_65' title="bbox 129 3355 3390 3452">
    <p class='ocr_par' dir='ltr' id='par_1_65' title="bbox 129 3355 3390 3452">
     <span class='ocr_line' id='line_1_65' title="bbox 129 3355 3390 3452; baseline -0.01 -13"><span class='ocrx_word' id='word_1_486' title='bbox 129 3387 336 3439; x_wconf 87' lang='lat' dir='ltr'><strong>circulo</strong></span> <span class='ocrx_word' id='word_1_487' title='bbox 367 3355 685 3439; x_wconf 77' lang='lat' dir='ltr'><strong>Antarctico</strong></span> <span class='ocrx_word' id='word_1_488' title='bbox 714 3393 941 3440; x_wconf 83' lang='lat' dir='ltr'><strong>exarata</strong></span> <span class='ocrx_word' id='word_1_489' title='bbox 981 3355 1334 3452; x_wconf 64' lang='lat' dir='ltr'><strong>apposuinius</strong></span> <span class='ocrx_word' id='word_1_490' title='bbox 1361 3397 1374 3432; x_wconf 91' lang='lat'><strong>:</strong></span> <span class='ocrx_word' id='word_1_491' title='bbox 1410 3377 1478 3432; x_wconf 91' lang='lat' dir='ltr'><strong>de</strong></span> <span class='ocrx_word' id='word_1_492' title='bbox 1505 3375 1610 3435; x_wconf 84' lang='lat' dir='ltr'><strong>his.</strong></span> <span class='ocrx_word' id='word_1_493' title='bbox 1643 3374 1889 3440; x_wconf 85' lang='lat' dir='ltr'><strong>inquam,</strong></span> <span class='ocrx_word' id='word_1_494' title='bbox 1923 3371 2153 3423; x_wconf 89' lang='lat' dir='ltr'><strong>alterum</strong></span> <span class='ocrx_word' id='word_1_495' title='bbox 2194 3368 2470 3438; x_wconf 86' lang='lat' dir='ltr'><strong>posterius</strong></span> <span class='ocrx_word' id='word_1_496' title='bbox 2501 3375 2555 3421; x_wconf 83' lang='lat' dir='ltr'><strong>et</strong></span> <span class='ocrx_word' id='word_1_497' title='bbox 2585 3369 2823 3433; x_wconf 84' lang='lat' dir='ltr'><strong>quatuor</strong></span> <span class='ocrx_word' id='word_1_498' title='bbox 2849 3371 3130 3420; x_wconf 82' lang='lat' dir='ltr'><strong>versu-nm,</strong></span> <span class='ocrx_word' id='word_1_499' title='bbox 3152 3355 3206 3409; x_wconf 90' lang='lat' dir='ltr'><strong>id</strong></span> <span class='ocrx_word' id='word_1_500' title='bbox 3232 3361 3390 3408; x_wconf 85' lang='lat' dir='ltr'><strong>vetus</strong></span> 
     </span>
    </p>
   </div>
   <div class='ocr_carea' id='block_1_66' title="bbox 132 3457 2266 3545">
    <p class='ocr_par' dir='ltr' id='par_1_66' title="bbox 132 3457 2266 3545">
     <span class='ocr_line' id='line_1_66' title="bbox 132 3457 2266 3545; baseline -0.017 -1"><span class='ocrx_word' id='word_1_501' title='bbox 132 3486 235 3542; x_wconf 71' lang='grc' dir='ltr'><strong>εει,</strong></span> <span class='ocrx_word' id='word_1_502' title='bbox 276 3477 421 3545; x_wconf 80' lang='grc' dir='ltr'>(ιιιοά</span> <span class='ocrx_word' id='word_1_503' title='bbox 461 3476 812 3532; x_wconf 65' lang='lat' dir='ltr'><strong>astronomiae</strong></span> <span class='ocrx_word' id='word_1_504' title='bbox 839 3475 1054 3530; x_wconf 90' lang='lat' dir='ltr'><strong>laudem</strong></span> <span class='ocrx_word' id='word_1_505' title='bbox 1086 3470 1354 3533; x_wconf 86' lang='lat' dir='ltr'><strong>continet.</strong></span> <span class='ocrx_word' id='word_1_506' title='bbox 1395 3461 1748 3534; x_wconf 85' lang='lat' dir='ltr'><strong>simplicioris</strong></span> <span class='ocrx_word' id='word_1_507' title='bbox 1777 3457 2069 3527; x_wconf 80' lang='lat' dir='ltr'><strong>cujusdam</strong></span> <span class='ocrx_word' id='word_1_508' title='bbox 2103 3457 2266 3511; x_wconf 88' lang='lat' dir='ltr'><strong>modi.</strong></span> 
     </span>
    </p>
   </div>
   <div class='ocr_carea' id='block_1_67' title="bbox 137 3578 1622 3679">
    <p class='ocr_par' dir='ltr' id='par_1_67' title="bbox 137 3598 1622 3679">
     <span class='ocr_line' id='line_1_67' title="bbox 137 3598 1622 3679; baseline -0.012 -10"><span class='ocrx_word' id='word_1_509' title='bbox 137 3611 253 3669; x_wconf 62' lang='lat'><strong>016‘</strong></span> <span class='ocrx_word' id='word_1_510' title='bbox 281 3613 370 3668; x_wconf 84' lang='grc' dir='ltr'>ὅτι</span> <span class='ocrx_word' id='word_1_511' title='bbox 409 3613 624 3679; x_wconf 81' lang='grc' dir='ltr'>θνατὸς</span> <span class='ocrx_word' id='word_1_512' title='bbox 666 3612 813 3677; x_wconf 76' lang='grc' dir='ltr'><strong>ἐγὼ,</strong></span> <span class='ocrx_word' id='word_1_513' title='bbox 855 3611 950 3665; x_wconf 73' lang='grc' dir='ltr'><strong>καί</strong></span> <span class='ocrx_word' id='word_1_514' title='bbox 998 3606 1293 3679; x_wconf 68' lang='grc' dir='ltr'>ἑφάμερος</span> <span class='ocrx_word' id='word_1_515' title='bbox 1316 3621 1328 3634; x_wconf 92' lang='grc'>·</span> <span class='ocrx_word' id='word_1_516' title='bbox 1366 3602 1520 3679; x_wconf 37' lang='grc' dir='ltr'>,ἀλλ-λ’</span> <span class='ocrx_word' id='word_1_517' title='bbox 1560 3598 1622 3651; x_wconf 84' lang='grc' dir='ltr'>ὅτ</span> 
     </span>
    </p>
   </div>
   <div class='ocr_carea' id='block_1_68' title="bbox 1922 3578 3407 3679">
    <p class='ocr_par' dir='ltr' id='par_1_68' title="bbox 1922 3583 3407 3658">
     <span class='ocr_line' id='line_1_68' title="bbox 1922 3583 3407 3658; baseline -0.013 -11"><span class='ocrx_word' id='word_1_518' title='bbox 1922 3594 2012 3647; x_wconf 78' lang='grc' dir='ltr'>ἰιηι</span> <span class='ocrx_word' id='word_1_519' title='bbox 2043 3593 2282 3646; x_wconf 83' lang='lat' dir='ltr'><strong>mortalis</strong></span> <span class='ocrx_word' id='word_1_520' title='bbox 2306 3591 2480 3652; x_wconf 80' lang='lat' dir='ltr'><strong>homo,</strong></span> <span class='ocrx_word' id='word_1_521' title='bbox 2506 3590 2626 3643; x_wconf 79' lang='lat' dir='ltr'><strong>vita:</strong></span> <span class='ocrx_word' id='word_1_522' title='bbox 2647 3601 2846 3658; x_wconf 70' lang='lat' dir='ltr'><strong>quoque</strong></span> <span class='ocrx_word' id='word_1_523' title='bbox 2869 3583 3164 3656; x_wconf 69' lang='lat' dir='ltr'><strong>perbrevis:</strong></span> <span class='ocrx_word' id='word_1_524' title='bbox 3190 3592 3252 3634; x_wconf 72' lang='lat' dir='ltr'><strong>ar</strong></span> <span class='ocrx_word' id='word_1_525' title='bbox 3271 3595 3407 3632; x_wconf 76' lang='lat' dir='ltr'><strong>cum.</strong></span> 
     </span>
    </p>
   </div>
   <div class='ocr_carea' id='block_1_69' title="bbox 219 3671 1636 3822">
    <p class='ocr_par' dir='ltr' id='par_1_69' title="bbox 219 3671 1636 3822">
     <span class='ocr_line' id='line_1_69' title="bbox 219 3671 1636 3822; baseline 0.007 -15"><span class='ocrx_word' id='word_1_526' title='bbox 219 3753 460 3822; x_wconf 78' lang='grc' dir='ltr'>Ἰχνεύω</span> <span class='ocrx_word' id='word_1_527' title='bbox 484 3751 746 3818; x_wconf 81' lang='grc' dir='ltr'>πυκινὰς</span> <span class='ocrx_word' id='word_1_528' title='bbox 779 3671 1636 3822; x_wconf 47' lang='grc' dir='ltr'>ἀμφιδρόμορςὲλικίὶἕσῖρῗν</span> 
     </span>
    </p>
   </div>
   <div class='ocr_carea' id='block_1_70' title="bbox 132 3811 1604 3892">
    <p class='ocr_par' dir='ltr' id='par_1_70' title="bbox 132 3811 1604 3892">
     <span class='ocr_line' id='line_1_70' title="bbox 132 3811 1604 3892; baseline -0.012 -14"><span class='ocrx_word' id='word_1_529' title='bbox 132 3825 250 3878; x_wconf 80' lang='grc' dir='ltr'><strong>Οὐκ</strong></span> <span class='ocrx_word' id='word_1_530' title='bbox 269 3811 353 3876; x_wconf 59' lang='grc' dir='ltr'><strong>ἔτ’</strong></span> <span class='ocrx_word' id='word_1_531' title='bbox 377 3824 650 3892; x_wconf 58' lang='grc' dir='ltr'><strong>ἐπιψαύει</strong></span> <span class='ocrx_word' id='word_1_532' title='bbox 672 3811 844 3892; x_wconf 45' lang='lat' dir='ltr'><strong>rdine</strong></span> <span class='ocrx_word' id='word_1_533' title='bbox 861 3811 1067 3879; x_wconf 56' lang='lat'><strong>3106115,</strong></span> <span class='ocrx_word' id='word_1_534' title='bbox 1088 3811 1266 3892; x_wconf 41' lang='lat' dir='ltr'><strong>dull-.Zd‘</strong></span> <span class='ocrx_word' id='word_1_535' title='bbox 1277 3814 1411 3892; x_wconf 54' lang='lat' dir='ltr'><strong>amp:</strong></span> <span class='ocrx_word' id='word_1_536' title='bbox 1445 3811 1604 3872; x_wconf 83' lang='grc' dir='ltr'>αὐτῷ</span> 
     </span>
    </p>
   </div>
   <div class='ocr_carea' id='block_1_71' title="bbox 208 3882 1498 3963">
    <p class='ocr_par' dir='ltr' id='par_1_71' title="bbox 208 3882 1498 3963">
     <span class='ocr_line' id='line_1_71' title="bbox 208 3882 1498 3963; baseline -0.011 -15"><span class='ocrx_word' id='word_1_537' title='bbox 208 3893 351 3962; x_wconf 78' lang='grc' dir='ltr'><strong>Ζηνὶ</strong></span> <span class='ocrx_word' id='word_1_538' title='bbox 384 3882 733 3963; x_wconf 68' lang='grc' dir='ltr'>διοέρεςρέώς</span> <span class='ocrx_word' id='word_1_539' title='bbox 769 3882 1111 3959; x_wconf 67' lang='grc' dir='ltr'>θὲΖμπλαμαι</span> <span class='ocrx_word' id='word_1_540' title='bbox 1145 3882 1498 3955; x_wconf 76' lang='grc' dir='ltr'>ἀμϐροσίης.</span> 
     </span>
    </p>
   </div>
   <div class='ocr_carea' id='block_1_72' title="bbox 1884 3720 3176 3795">
    <p class='ocr_par' dir='ltr' id='par_1_72' title="bbox 1884 3720 3176 3795">
     <span class='ocr_line' id='line_1_72' title="bbox 1884 3720 3176 3795; baseline -0.01 -14"><span class='ocrx_word' id='word_1_541' title='bbox 1884 3729 2043 3780; x_wconf 80' lang='lat' dir='ltr'><strong>Astra</strong></span> <span class='ocrx_word' id='word_1_542' title='bbox 2075 3726 2358 3795; x_wconf 78' lang='lat' dir='ltr'><strong>globosque</strong></span> <span class='ocrx_word' id='word_1_543' title='bbox 2377 3724 2484 3793; x_wconf 85' lang='lat' dir='ltr'><strong>poli</strong></span> <span class='ocrx_word' id='word_1_544' title='bbox 2522 3723 2775 3776; x_wconf 76' lang='lat' dir='ltr'><strong>scandere</strong></span> <span class='ocrx_word' id='word_1_545' title='bbox 2805 3722 2904 3790; x_wconf 80' lang='lat' dir='ltr'><strong>[ert</strong></span> <span class='ocrx_word' id='word_1_546' title='bbox 2929 3720 3176 3795; x_wconf 72' lang='lat' dir='ltr'><strong>animus;</strong></span> 
     </span>
    </p>
   </div>
   <div class='ocr_carea' id='block_1_73' title="bbox 1817 3792 3214 3863">
    <p class='ocr_par' dir='ltr' id='par_1_73' title="bbox 1817 3792 3214 3863">
     <span class='ocr_line' id='line_1_73' title="bbox 1817 3792 3214 3863; baseline -0.011 -11"><span class='ocrx_word' id='word_1_547' title='bbox 1817 3796 1947 3852; x_wconf 80' lang='lat' dir='ltr'><strong>Tum</strong></span> <span class='ocrx_word' id='word_1_548' title='bbox 1982 3792 2198 3863; x_wconf 76' lang='lat' dir='ltr'><strong>pedibus</strong></span> <span class='ocrx_word' id='word_1_549' title='bbox 2224 3792 2326 3849; x_wconf 79' lang='lat' dir='ltr'><strong>non</strong></span> <span class='ocrx_word' id='word_1_550' title='bbox 2348 3792 2498 3847; x_wconf 76' lang='lat' dir='ltr'><strong>calca</strong></span> <span class='ocrx_word' id='word_1_551' title='bbox 2531 3798 2740 3846; x_wconf 83' lang='lat' dir='ltr'><strong>solum:</strong></span> <span class='ocrx_word' id='word_1_552' title='bbox 2772 3795 2860 3846; x_wconf 74' lang='lat' dir='ltr'><strong>secl</strong></span> <span class='ocrx_word' id='word_1_553' title='bbox 2884 3792 3074 3844; x_wconf 79' lang='lat' dir='ltr'><strong>celsior</strong></span> <span class='ocrx_word' id='word_1_554' title='bbox 3105 3792 3214 3863; x_wconf 79' lang='lat' dir='ltr'><strong>alto</strong></span> 
     </span>
    </p>
   </div>
   <div class='ocr_carea' id='block_1_74' title="bbox 1883 3859 3174 3931">
    <p class='ocr_par' dir='ltr' id='par_1_74' title="bbox 1883 3859 3174 3931">
     <span class='ocr_line' id='line_1_74' title="bbox 1883 3859 3174 3931; baseline -0.009 -11"><span class='ocrx_word' id='word_1_555' title='bbox 1883 3859 2048 3920; x_wconf 67' lang='lat' dir='ltr'><strong>Aristo</strong></span> <span class='ocrx_word' id='word_1_556' title='bbox 2073 3866 2193 3920; x_wconf 83' lang='lat' dir='ltr'><strong>Jovi</strong></span> <span class='ocrx_word' id='word_1_557' title='bbox 2214 3905 2228 3929; x_wconf 90' lang='lat'><strong>,</strong></span> <span class='ocrx_word' id='word_1_558' title='bbox 2264 3876 2420 3930; x_wconf 83' lang='lat' dir='ltr'><strong>atque</strong></span> <span class='ocrx_word' id='word_1_559' title='bbox 2445 3865 2587 3916; x_wconf 87' lang='lat' dir='ltr'><strong>alma</strong></span> <span class='ocrx_word' id='word_1_560' title='bbox 2617 3863 2861 3931; x_wconf 78' lang='lat' dir='ltr'><strong>perfruar</strong></span> <span class='ocrx_word' id='word_1_561' title='bbox 2886 3859 3174 3914; x_wconf 80' lang='lat' dir='ltr'><strong>ambrosia.</strong></span> 
     </span>
    </p>
   </div>
   <div class='ocr_carea' id='block_1_75' title="bbox 141 4013 1714 4097">
    <p class='ocr_par' dir='ltr' id='par_1_75' title="bbox 141 4013 1714 4097">
     <span class='ocr_line' id='line_1_75' title="bbox 141 4013 1714 4097; baseline -0.011 -16"><span class='ocrx_word' id='word_1_562' title='bbox 141 4027 214 4080; x_wconf 80' lang='grc' dir='ltr'>Τὸ</span> <span class='ocrx_word' id='word_1_563' title='bbox 240 4027 294 4080; x_wconf 80' lang='grc' dir='ltr'>δὲ</span> <span class='ocrx_word' id='word_1_564' title='bbox 325 4025 626 4097; x_wconf 78' lang='grc' dir='ltr'>ἡγούμενον</span> <span class='ocrx_word' id='word_1_565' title='bbox 667 4020 830 4076; x_wconf 82' lang='grc' dir='ltr'>αὑτοῦ</span> <span class='ocrx_word' id='word_1_566' title='bbox 860 4022 921 4074; x_wconf 77' lang='grc' dir='ltr'>τὸ</span> <span class='ocrx_word' id='word_1_567' title='bbox 947 4021 1311 4089; x_wconf 82' lang='grc' dir='ltr'>ὀκτάστιχον,-</span> <span class='ocrx_word' id='word_1_568' title='bbox 1339 4014 1566 4085; x_wconf 79' lang='grc' dir='ltr'>ἐποιήθη</span> <span class='ocrx_word' id='word_1_569' title='bbox 1613 4013 1714 4083; x_wconf 78' lang='grc' dir='ltr'>μὲν</span> 
     </span>
    </p>
   </div>
   <div class='ocr_carea' id='block_1_76' title="bbox 142 4104 1716 4186">
    <p class='ocr_par' dir='ltr' id='par_1_76' title="bbox 142 4104 1716 4186">
     <span class='ocr_line' id='line_1_76' title="bbox 142 4104 1716 4186; baseline -0.011 -14"><span class='ocrx_word' id='word_1_570' title='bbox 142 4118 230 4186; x_wconf 82' lang='grc' dir='ltr'><strong>ὑφ’</strong></span> <span class='ocrx_word' id='word_1_571' title='bbox 280 4111 339 4172; x_wconf 75' lang='grc' dir='ltr'><strong>οὗ</strong></span> <span class='ocrx_word' id='word_1_572' title='bbox 379 4117 440 4169; x_wconf 84' lang='grc' dir='ltr'>τὸ</span> <span class='ocrx_word' id='word_1_573' title='bbox 484 4116 663 4186; x_wconf 77' lang='grc' dir='ltr'>ἔργον,</span> <span class='ocrx_word' id='word_1_574' title='bbox 711 4113 881 4184; x_wconf 75' lang='grc' dir='ltr'><strong>ὲμοῦο</strong></span> <span class='ocrx_word' id='word_1_575' title='bbox 935 4109 1313 4183; x_wconf 84' lang='grc' dir='ltr'>σπερματικὴν</span> <span class='ocrx_word' id='word_1_576' title='bbox 1356 4108 1414 4169; x_wconf 79' lang='grc' dir='ltr'>δὲ</span> <span class='ocrx_word' id='word_1_577' title='bbox 1461 4106 1575 4176; x_wconf 78' lang='grc' dir='ltr'>ἔχει</span> <span class='ocrx_word' id='word_1_578' title='bbox 1620 4104 1716 4157; x_wconf 74' lang='grc' dir='ltr'>καὶ</span> 
     </span>
    </p>
   </div>
   <div class='ocr_carea' id='block_1_77' title="bbox 145 4195 1717 4278">
    <p class='ocr_par' dir='ltr' id='par_1_77' title="bbox 145 4195 1717 4278">
     <span class='ocr_line' id='line_1_77' title="bbox 145 4195 1717 4278; baseline -0.009 -17"><span class='ocrx_word' id='word_1_579' title='bbox 145 4208 430 4277; x_wconf 78' lang='grc' dir='ltr'>καθολικὴν</span> <span class='ocrx_word' id='word_1_580' title='bbox 477 4207 754 4278; x_wconf 87' lang='grc' dir='ltr'>περίνοιαν</span> <span class='ocrx_word' id='word_1_581' title='bbox 799 4204 908 4258; x_wconf 86' lang='grc' dir='ltr'><strong>τῶν</strong></span> <span class='ocrx_word' id='word_1_582' title='bbox 954 4202 1334 4274; x_wconf 83' lang='grc' dir='ltr'>ὲνορωμένων,</span> <span class='ocrx_word' id='word_1_583' title='bbox 1382 4200 1499 4269; x_wconf 86' lang='grc' dir='ltr'>μετ’</span> <span class='ocrx_word' id='word_1_584' title='bbox 1537 4195 1717 4266; x_wconf 75' lang='grc' dir='ltr'>ἰσχύος</span> 
     </span>
    </p>
   </div>
   <div class='ocr_carea' id='block_1_78' title="bbox 146 4286 1719 4369">
    <p class='ocr_par' dir='ltr' id='par_1_78' title="bbox 146 4286 1719 4369">
     <span class='ocr_line' id='line_1_78' title="bbox 146 4286 1719 4369; baseline -0.01 -17"><span class='ocrx_word' id='word_1_585' title='bbox 146 4299 576 4369; x_wconf 78' lang='grc' dir='ltr'>ἀπηγγελμένον,</span> <span class='ocrx_word' id='word_1_586' title='bbox 603 4299 697 4351; x_wconf 71' lang='grc' dir='ltr'>καὶ</span> <span class='ocrx_word' id='word_1_587' title='bbox 729 4293 1166 4366; x_wconf 80' lang='grc' dir='ltr'>ἐπιστημονικῶς</span> <span class='ocrx_word' id='word_1_588' title='bbox 1197 4291 1397 4362; x_wconf 81' lang='grc' dir='ltr'>μᾶλλον</span> <span class='ocrx_word' id='word_1_589' title='bbox 1424 4289 1456 4360; x_wconf 82' lang='grc' dir='ltr'><strong>ἥ</strong></span> <span class='ocrx_word' id='word_1_590' title='bbox 1479 4286 1719 4357; x_wconf 75' lang='grc' dir='ltr'>ἀκριϐῶς</span> 
     </span>
    </p>
   </div>
   <div class='ocr_carea' id='block_1_79' title="bbox 150 4378 1721 4465">
    <p class='ocr_par' dir='ltr' id='par_1_79' title="bbox 150 4378 1721 4465">
     <span class='ocr_line' id='line_1_79' title="bbox 150 4378 1721 4465; baseline -0.011 -19"><span class='ocrx_word' id='word_1_591' title='bbox 150 4393 258 4465; x_wconf 78' lang='grc' dir='ltr'>[γρ.</span> <span class='ocrx_word' id='word_1_592' title='bbox 293 4389 499 4464; x_wconf 77' lang='grc' dir='ltr'>ἁϐρῶς]</span> <span class='ocrx_word' id='word_1_593' title='bbox 545 4389 921 4459; x_wconf 78' lang='grc' dir='ltr'>συγκείμενον.</span> <span class='ocrx_word' id='word_1_594' title='bbox 955 4389 1021 4440; x_wconf 86' lang='grc' dir='ltr'><strong>Ὃ</strong></span> <span class='ocrx_word' id='word_1_595' title='bbox 1049 4384 1356 4451; x_wconf 83' lang='grc' dir='ltr'>διαλέγεται</span> <span class='ocrx_word' id='word_1_596' title='bbox 1389 4380 1524 4451; x_wconf 85' lang='grc' dir='ltr'>πρὸς</span> <span class='ocrx_word' id='word_1_597' title='bbox 1563 4378 1721 4450; x_wconf 86' lang='grc' dir='ltr'>μόνον</span> 
     </span>
    </p>
   </div>
   <div class='ocr_carea' id='block_1_80' title="bbox 149 4470 1722 4553">
    <p class='ocr_par' dir='ltr' id='par_1_80' title="bbox 149 4470 1722 4553">
     <span class='ocr_line' id='line_1_80' title="bbox 149 4470 1722 4553; baseline -0.01 -17"><span class='ocrx_word' id='word_1_598' title='bbox 149 4483 236 4536; x_wconf 77' lang='grc' dir='ltr'>τὸν</span> <span class='ocrx_word' id='word_1_599' title='bbox 261 4483 610 4553; x_wconf 85' lang='grc' dir='ltr'>ἀστρονόμον,</span> <span class='ocrx_word' id='word_1_600' title='bbox 644 4481 696 4534; x_wconf 85' lang='grc' dir='ltr'><strong>τί</strong></span> <span class='ocrx_word' id='word_1_601' title='bbox 738 4480 803 4535; x_wconf 82' lang='grc' dir='ltr'>ἂν</span> <span class='ocrx_word' id='word_1_602' title='bbox 836 4480 1020 4532; x_wconf 79' lang='grc' dir='ltr'>δναιτο</span> <span class='ocrx_word' id='word_1_603' title='bbox 1049 4475 1144 4528; x_wconf 80' lang='grc' dir='ltr'>τοῦ</span> <span class='ocrx_word' id='word_1_604' title='bbox 1180 4475 1434 4544; x_wconf 80' lang='grc' dir='ltr'>ὀργάνου.</span> <span class='ocrx_word' id='word_1_605' title='bbox 1473 4471 1583 4534; x_wconf 76' lang='grc' dir='ltr'>Τὰς</span> <span class='ocrx_word' id='word_1_606' title='bbox 1611 4470 1722 4538; x_wconf 77' lang='grc' dir='ltr'><strong>γὰρ</strong></span> 
     </span>
    </p>
   </div>
   <div class='ocr_carea' id='block_1_81' title="bbox 153 4562 1723 4644">
    <p class='ocr_par' dir='ltr' id='par_1_81' title="bbox 153 4562 1723 4644">
     <span class='ocr_line' id='line_1_81' title="bbox 153 4562 1723 4644; baseline -0.008 -17"><span class='ocrx_word' id='word_1_607' title='bbox 153 4574 349 4644; x_wconf 82' lang='grc' dir='ltr'>ὲποχάς</span> <span class='ocrx_word' id='word_1_608' title='bbox 393 4574 731 4642; x_wconf 79' lang='grc' dir='ltr'>ὑπισχνεῖται</span> <span class='ocrx_word' id='word_1_609' title='bbox 772 4571 879 4623; x_wconf 81' lang='grc' dir='ltr'>τῶν</span> <span class='ocrx_word' id='word_1_610' title='bbox 923 4568 1171 4638; x_wconf 78' lang='grc' dir='ltr'>ἀστέρων</span> <span class='ocrx_word' id='word_1_611' title='bbox 1208 4581 1221 4594; x_wconf 79' lang='grc'><strong><em>⁸</em></strong></span> <span class='ocrx_word' id='word_1_612' title='bbox 1276 4563 1390 4617; x_wconf 82' lang='grc' dir='ltr'>ἀλλ’</span> <span class='ocrx_word' id='word_1_613' title='bbox 1435 4562 1548 4616; x_wconf 75' lang='grc' dir='ltr'>οΰτι</span> <span class='ocrx_word' id='word_1_614' title='bbox 1591 4563 1723 4633; x_wconf 77' lang='grc' dir='ltr'>φησὶ</span> 
     </span>
    </p>
   </div>
   <div class='ocr_carea' id='block_1_82' title="bbox 155 4655 1719 4735">
    <p class='ocr_par' dir='ltr' id='par_1_82' title="bbox 155 4655 1719 4735">
     <span class='ocr_line' id='line_1_82' title="bbox 155 4655 1719 4735; baseline -0.007 -17"><span class='ocrx_word' id='word_1_615' title='bbox 155 4665 285 4735; x_wconf 77' lang='grc' dir='ltr'>πρὸς</span> <span class='ocrx_word' id='word_1_616' title='bbox 330 4664 420 4717; x_wconf 84' lang='grc' dir='ltr'>τὸν</span> <span class='ocrx_word' id='word_1_617' title='bbox 482 4662 742 4726; x_wconf 83' lang='grc' dir='ltr'>ζωδιακὸν</span> <span class='ocrx_word' id='word_1_618' title='bbox 768 4701 783 4721; x_wconf 86' lang='grc'><em>,</em></span> <span class='ocrx_word' id='word_1_619' title='bbox 839 4659 973 4714; x_wconf 85' lang='grc' dir='ltr'><strong>ἀλλά</strong></span> <span class='ocrx_word' id='word_1_620' title='bbox 1031 4657 1167 4729; x_wconf 83' lang='grc' dir='ltr'>πρὸς</span> <span class='ocrx_word' id='word_1_621' title='bbox 1231 4655 1324 4709; x_wconf 80' lang='grc' dir='ltr'>τὸν</span> <span class='ocrx_word' id='word_1_622' title='bbox 1389 4655 1719 4724; x_wconf 71' lang='grc' dir='ltr'>ἰσημερινόν.</span> 
     </span>
    </p>
   </div>
   <div class='ocr_carea' id='block_1_83' title="bbox 1815 4014 3394 4096">
    <p class='ocr_par' dir='ltr' id='par_1_83' title="bbox 1815 4014 3394 4096">
     <span class='ocr_line' id='line_1_83' title="bbox 1815 4014 3394 4096; baseline -0.009 -17"><span class='ocrx_word' id='word_1_623' title='bbox 1815 4025 1976 4096; x_wconf 75' lang='lat'><strong>313</strong></span> <span class='ocrx_word' id='word_1_624' title='bbox 2007 4024 2255 4077; x_wconf 89' lang='lat' dir='ltr'><strong>Alterum</strong></span> <span class='ocrx_word' id='word_1_625' title='bbox 2282 4036 2410 4076; x_wconf 91' lang='lat' dir='ltr'><strong>vero</strong></span> <span class='ocrx_word' id='word_1_626' title='bbox 2433 4021 2627 4074; x_wconf 82' lang='lat' dir='ltr'><strong>ordine</strong></span> <span class='ocrx_word' id='word_1_627' title='bbox 2656 4018 2831 4088; x_wconf 87' lang='lat' dir='ltr'><strong>prius,</strong></span> <span class='ocrx_word' id='word_1_628' title='bbox 2869 4014 3014 4084; x_wconf 85' lang='lat' dir='ltr'><strong>quod</strong></span> <span class='ocrx_word' id='word_1_629' title='bbox 3042 4021 3168 4066; x_wconf 86' lang='lat' dir='ltr'><strong>octo</strong></span> <span class='ocrx_word' id='word_1_630' title='bbox 3199 4026 3394 4064; x_wconf 85' lang='lat' dir='ltr'><strong>versus</strong></span> 
     </span>
    </p>
   </div>
   <div class='ocr_carea' id='block_1_84' title="bbox 1815 4110 3404 4183">
    <p class='ocr_par' dir='ltr' id='par_1_84' title="bbox 1815 4110 3404 4183">
     <span class='ocr_line' id='line_1_84' title="bbox 1815 4110 3404 4183; baseline -0.011 -12"><span class='ocrx_word' id='word_1_631' title='bbox 1815 4117 2014 4177; x_wconf 82' lang='lat' dir='ltr'><strong>habet,</strong></span> <span class='ocrx_word' id='word_1_632' title='bbox 2050 4113 2412 4183; x_wconf 88' lang='lat' dir='ltr'><strong>compositum</strong></span> <span class='ocrx_word' id='word_1_633' title='bbox 2463 4120 2548 4165; x_wconf 89' lang='lat' dir='ltr'><strong>est</strong></span> <span class='ocrx_word' id='word_1_634' title='bbox 2592 4110 2661 4162; x_wconf 89' lang='lat' dir='ltr'><strong>ab</strong></span> <span class='ocrx_word' id='word_1_635' title='bbox 2710 4124 2774 4162; x_wconf 91' lang='lat' dir='ltr'><strong>eo</strong></span> <span class='ocrx_word' id='word_1_636' title='bbox 2816 4123 2844 4160; x_wconf 91' lang='lat' dir='ltr'><strong>a</strong></span> <span class='ocrx_word' id='word_1_637' title='bbox 2889 4120 3002 4176; x_wconf 88' lang='lat' dir='ltr'><strong>quo</strong></span> <span class='ocrx_word' id='word_1_638' title='bbox 3043 4111 3099 4157; x_wconf 90' lang='lat' dir='ltr'><strong>et</strong></span> <span class='ocrx_word' id='word_1_639' title='bbox 3143 4117 3319 4170; x_wconf 85' lang='lat' dir='ltr'><strong>opus.</strong></span> <span class='ocrx_word' id='word_1_640' title='bbox 3363 4115 3404 4153; x_wconf 86' lang='lat' dir='ltr'><strong>a-</strong></span> 
     </span>
    </p>
   </div>
   <div class='ocr_carea' id='block_1_85' title="bbox 1818 4191 3403 4273">
    <p class='ocr_par' dir='ltr' id='par_1_85' title="bbox 1818 4191 3403 4273">
     <span class='ocr_line' id='line_1_85' title="bbox 1818 4191 3403 4273; baseline -0.011 -15"><span class='ocrx_word' id='word_1_641' title='bbox 1818 4221 1903 4258; x_wconf 88' lang='lat' dir='ltr'><strong>me</strong></span> <span class='ocrx_word' id='word_1_642' title='bbox 1935 4205 2164 4259; x_wconf 90' lang='lat' dir='ltr'><strong>scilicet.</strong></span> <span class='ocrx_word' id='word_1_643' title='bbox 2205 4203 2464 4273; x_wconf 84' lang='lat' dir='ltr'><strong>Sparsam</strong></span> <span class='ocrx_word' id='word_1_644' title='bbox 2493 4209 2675 4255; x_wconf 80' lang='lat' dir='ltr'><strong>autem</strong></span> <span class='ocrx_word' id='word_1_645' title='bbox 2717 4198 2962 4252; x_wconf 81' lang='lat' dir='ltr'><strong>continet</strong></span> <span class='ocrx_word' id='word_1_646' title='bbox 2997 4204 3053 4250; x_wconf 83' lang='lat' dir='ltr'><strong>et</strong></span> <span class='ocrx_word' id='word_1_647' title='bbox 3079 4191 3403 4263; x_wconf 86' lang='lat' dir='ltr'><strong>generalem.</strong></span> 
     </span>
    </p>
   </div>
   <div class='ocr_carea' id='block_1_86' title="bbox 1818 4282 3395 4359">
    <p class='ocr_par' dir='ltr' id='par_1_86' title="bbox 1818 4282 3395 4359">
     <span class='ocr_line' id='line_1_86' title="bbox 1818 4282 3395 4359; baseline -0.01 -9"><span class='ocrx_word' id='word_1_648' title='bbox 1818 4295 2320 4350; x_wconf 84' lang='lat' dir='ltr'><strong>considerationem</strong></span> <span class='ocrx_word' id='word_1_649' title='bbox 2351 4305 2541 4347; x_wconf 87' lang='lat' dir='ltr'><strong>eorum</strong></span> <span class='ocrx_word' id='word_1_650' title='bbox 2571 4305 2693 4359; x_wconf 71' lang='lat' dir='ltr'><strong>qua:</strong></span> <span class='ocrx_word' id='word_1_651' title='bbox 2718 4295 3055 4346; x_wconf 76' lang='lat' dir='ltr'><strong>cernuntur.</strong></span> <span class='ocrx_word' id='word_1_652' title='bbox 3085 4282 3395 4353; x_wconf 77' lang='lat' dir='ltr'><strong>profertur-</strong></span> 
     </span>
    </p>
   </div>
   <div class='ocr_carea' id='block_1_87' title="bbox 1820 4373 3414 4456">
    <p class='ocr_par' dir='ltr' id='par_1_87' title="bbox 1820 4373 3414 4456">
     <span class='ocr_line' id='line_1_87' title="bbox 1820 4373 3414 4456; baseline -0.01 -15"><span class='ocrx_word' id='word_1_653' title='bbox 1820 4403 1928 4456; x_wconf 91' lang='lat' dir='ltr'><strong>que</strong></span> <span class='ocrx_word' id='word_1_654' title='bbox 1961 4401 2082 4439; x_wconf 89' lang='lat' dir='ltr'><strong>cum</strong></span> <span class='ocrx_word' id='word_1_655' title='bbox 2121 4387 2206 4450; x_wconf 85' lang='lat' dir='ltr'><strong>vi,</strong></span> <span class='ocrx_word' id='word_1_656' title='bbox 2240 4400 2364 4438; x_wconf 91' lang='lat' dir='ltr'><strong>cum</strong></span> <span class='ocrx_word' id='word_1_657' title='bbox 2397 4385 2472 4436; x_wconf 88' lang='lat' dir='ltr'><strong>ita</strong></span> <span class='ocrx_word' id='word_1_658' title='bbox 2511 4381 2710 4435; x_wconf 81' lang='lat' dir='ltr'><strong>factum</strong></span> <span class='ocrx_word' id='word_1_659' title='bbox 2739 4381 2842 4442; x_wconf 92' lang='lat' dir='ltr'><strong>sit,</strong></span> <span class='ocrx_word' id='word_1_660' title='bbox 2878 4388 2936 4431; x_wconf 83' lang='lat' dir='ltr'><strong>ut</strong></span> <span class='ocrx_word' id='word_1_661' title='bbox 2964 4375 3234 4430; x_wconf 72' lang='lat' dir='ltr'><strong>doctrina:</strong></span> <span class='ocrx_word' id='word_1_662' title='bbox 3271 4373 3414 4441; x_wconf 84' lang='lat' dir='ltr'><strong>plus-</strong></span> 
     </span>
    </p>
   </div>
   <div class='ocr_carea' id='block_1_88' title="bbox 1821 4467 3396 4546">
    <p class='ocr_par' dir='ltr' id='par_1_88' title="bbox 1821 4467 3396 4546">
     <span class='ocr_line' id='line_1_88' title="bbox 1821 4467 3396 4546; baseline -0.009 -18"><span class='ocrx_word' id='word_1_663' title='bbox 1821 4492 1984 4546; x_wconf 84' lang='lat' dir='ltr'><strong>quam</strong></span> <span class='ocrx_word' id='word_1_664' title='bbox 2043 4474 2326 4545; x_wconf 70' lang='lat' dir='ltr'><strong>clegantiae</strong></span> <span class='ocrx_word' id='word_1_665' title='bbox 2379 4473 2601 4526; x_wconf 87' lang='lat' dir='ltr'><strong>habeat.</strong></span> <span class='ocrx_word' id='word_1_666' title='bbox 2660 4469 2886 4522; x_wconf 85' lang='lat' dir='ltr'><strong>Enarrat</strong></span> <span class='ocrx_word' id='word_1_667' title='bbox 2933 4467 3136 4536; x_wconf 88' lang='lat' dir='ltr'><strong>quippe</strong></span> <span class='ocrx_word' id='word_1_668' title='bbox 3185 4471 3396 4517; x_wconf 88' lang='lat' dir='ltr'><strong>tantum</strong></span> 
     </span>
    </p>
   </div>
   <div class='ocr_carea' id='block_1_89' title="bbox 1824 4553 3398 4634">
    <p class='ocr_par' dir='ltr' id='par_1_89' title="bbox 1824 4553 3398 4634">
     <span class='ocr_line' id='line_1_89' title="bbox 1824 4553 3398 4634; baseline -0.01 -12"><span class='ocrx_word' id='word_1_669' title='bbox 1824 4579 2159 4623; x_wconf 86' lang='lat' dir='ltr'><strong>astronomo.</strong></span> <span class='ocrx_word' id='word_1_670' title='bbox 2188 4565 2318 4634; x_wconf 90' lang='lat' dir='ltr'><strong>quid</strong></span> <span class='ocrx_word' id='word_1_671' title='bbox 2347 4563 2559 4617; x_wconf 75' lang='lat' dir='ltr'><strong>fructus</strong></span> <span class='ocrx_word' id='word_1_672' title='bbox 2581 4563 2650 4615; x_wconf 86' lang='lat' dir='ltr'><strong>ab</strong></span> <span class='ocrx_word' id='word_1_673' title='bbox 2670 4575 2881 4628; x_wconf 80' lang='lat' dir='ltr'><strong>organo</strong></span> <span class='ocrx_word' id='word_1_674' title='bbox 2898 4559 3180 4626; x_wconf 84' lang='lat' dir='ltr'><strong>percipere</strong></span> <span class='ocrx_word' id='word_1_675' title='bbox 3204 4553 3398 4623; x_wconf 86' lang='lat' dir='ltr'><strong>possit.</strong></span> 
     </span>
    </p>
   </div>
   <div class='ocr_carea' id='block_1_90' title="bbox 1824 4644 3454 4728">
    <p class='ocr_par' dir='ltr' id='par_1_90' title="bbox 1824 4644 3454 4728">
     <span class='ocr_line' id='line_1_90' title="bbox 1824 4644 3454 4728; baseline -0.013 -12"><span class='ocrx_word' id='word_1_676' title='bbox 1824 4662 1959 4716; x_wconf 84' lang='lat' dir='ltr'><strong>Nam</strong></span> <span class='ocrx_word' id='word_1_677' title='bbox 1990 4669 2043 4715; x_wconf 93' lang='lat' dir='ltr'><strong>et</strong></span> <span class='ocrx_word' id='word_1_678' title='bbox 2076 4659 2193 4711; x_wconf 90' lang='lat' dir='ltr'><strong>loca</strong></span> <span class='ocrx_word' id='word_1_679' title='bbox 2228 4657 2498 4728; x_wconf 77' lang='lat' dir='ltr'><strong>promittit</strong></span> <span class='ocrx_word' id='word_1_680' title='bbox 2537 4655 2811 4712; x_wconf 82' lang='lat' dir='ltr'><strong>siderum.</strong></span> <span class='ocrx_word' id='word_1_681' title='bbox 2847 4667 2954 4704; x_wconf 86' lang='lat' dir='ltr'><strong>non</strong></span> <span class='ocrx_word' id='word_1_682' title='bbox 2987 4657 3172 4702; x_wconf 85' lang='lat' dir='ltr'><strong>tamen</strong></span> <span class='ocrx_word' id='word_1_683' title='bbox 3216 4644 3400 4714; x_wconf 83' lang='lat' dir='ltr'><strong>Signi-</strong></span> <span class='ocrx_word' id='word_1_684' title='bbox 3443 4671 3454 4674; x_wconf 95' lang='lat'><em>-</em></span> 
     </span>
    </p>
   </div>
   <div class='ocr_carea' id='block_1_91' title="bbox 169 4735 1654 4828">
    <p class='ocr_par' dir='ltr' id='par_1_91' title="bbox 169 4746 1654 4828">
     <span class='ocr_line' id='line_1_91' title="bbox 169 4746 1654 4828; baseline -0.009 -17"><span class='ocrx_word' id='word_1_685' title='bbox 169 4759 361 4828; x_wconf 85' lang='grc' dir='ltr'>Ἐφάνη</span> <span class='ocrx_word' id='word_1_686' title='bbox 390 4757 498 4827; x_wconf 82' lang='grc' dir='ltr'>γὰρ</span> <span class='ocrx_word' id='word_1_687' title='bbox 548 4755 636 4808; x_wconf 87' lang='grc' dir='ltr'>διὰ</span> <span class='ocrx_word' id='word_1_688' title='bbox 677 4753 784 4806; x_wconf 80' lang='grc' dir='ltr'><strong>τῶν</strong></span> <span class='ocrx_word' id='word_1_689' title='bbox 823 4750 1167 4822; x_wconf 87' lang='grc' dir='ltr'>γραμμάτων</span> <span class='ocrx_word' id='word_1_690' title='bbox 1221 4747 1282 4801; x_wconf 83' lang='grc' dir='ltr'>τὸ</span> <span class='ocrx_word' id='word_1_691' title='bbox 1317 4746 1540 4808; x_wconf 75' lang='grc' dir='ltr'>ἐκείνως</span> <span class='ocrx_word' id='word_1_692' title='bbox 1586 4746 1654 4798; x_wconf 75' lang='grc' dir='ltr'><strong>ἑλε</strong></span> 
     </span>
    </p>
   </div>
   <div class='ocr_carea' id='block_1_92' title="bbox 1918 4735 3403 4828">
    <p class='ocr_par' dir='ltr' id='par_1_92' title="bbox 1918 4735 3403 4821">
     <span class='ocr_line' id='line_1_92' title="bbox 1918 4735 3403 4821; baseline -0.013 -15"><span class='ocrx_word' id='word_1_693' title='bbox 1918 4753 1929 4806; x_wconf 92' lang='lat' dir='ltr'><strong>i</strong></span> <span class='ocrx_word' id='word_1_694' title='bbox 1973 4761 2265 4821; x_wconf 89' lang='lat' dir='ltr'><strong>respectu,</strong></span> <span class='ocrx_word' id='word_1_695' title='bbox 2314 4748 2411 4803; x_wconf 87' lang='lat' dir='ltr'><strong>sed</strong></span> <span class='ocrx_word' id='word_1_696' title='bbox 2463 4742 2934 4815; x_wconf 68' lang='lat' dir='ltr'><strong>Equinoctialis:</strong></span> <span class='ocrx_word' id='word_1_697' title='bbox 2987 4740 3090 4793; x_wconf 86' lang='lat' dir='ltr'><strong>hoc</strong></span> <span class='ocrx_word' id='word_1_698' title='bbox 3133 4737 3277 4791; x_wconf 87' lang='lat' dir='ltr'><strong>enim</strong></span> <span class='ocrx_word' id='word_1_699' title='bbox 3335 4735 3403 4788; x_wconf 84' lang='lat' dir='ltr'><strong>de</strong></span> 
     </span>
    </p>
   </div>
   <div class='ocr_carea' id='block_1_93' title="bbox 157 4832 1642 4914">
    <p class='ocr_par' dir='ltr' id='par_1_93' title="bbox 157 4837 1642 4910">
     <span class='ocr_line' id='line_1_93' title="bbox 157 4837 1642 4910; baseline -0.009 -8"><span class='ocrx_word' id='word_1_700' title='bbox 157 4848 426 4902; x_wconf 80' lang='grc' dir='ltr'>ἀδύνατον.</span> <span class='ocrx_word' id='word_1_701' title='bbox 492 4845 600 4898; x_wconf 73' lang='grc' dir='ltr'><strong>Καὶ</strong></span> <span class='ocrx_word' id='word_1_702' title='bbox 640 4844 739 4906; x_wconf 82' lang='grc' dir='ltr'><strong>τὰς</strong></span> <span class='ocrx_word' id='word_1_703' title='bbox 782 4841 1036 4906; x_wconf 82' lang='grc' dir='ltr'>λοξὼσεις</span> <span class='ocrx_word' id='word_1_704' title='bbox 1084 4842 1248 4910; x_wconf 82' lang='grc' dir='ltr'>φησὶν</span> <span class='ocrx_word' id='word_1_705' title='bbox 1297 4837 1573 4903; x_wconf 84' lang='grc' dir='ltr'>δίδοσθαι,</span> <span class='ocrx_word' id='word_1_706' title='bbox 1619 4854 1642 4890; x_wconf 81' lang='grc' dir='ltr'><strong>τ</strong></span> 
     </span>
    </p>
   </div>
   <div class='ocr_carea' id='block_1_94' title="bbox 1918 4832 3403 4914">
    <p class='ocr_par' dir='ltr' id='par_1_94' title="bbox 1918 4832 3403 4908">
     <span class='ocr_line' id='line_1_94' title="bbox 1918 4832 3403 4908; baseline -0.013 -10"><span class='ocrx_word' id='word_1_707' title='bbox 1918 4845 2173 4900; x_wconf 76' lang='grc' dir='ltr'><strong>»οείιὶοηο</strong></span> <span class='ocrx_word' id='word_1_708' title='bbox 2201 4841 2406 4908; x_wconf 86' lang='lat' dir='ltr'><strong>scripta</strong></span> <span class='ocrx_word' id='word_1_709' title='bbox 2439 4838 2550 4908; x_wconf 85' lang='lat' dir='ltr'><strong>jam</strong></span> <span class='ocrx_word' id='word_1_710' title='bbox 2593 4836 2769 4906; x_wconf 83' lang='lat' dir='ltr'><strong>patuit</strong></span> <span class='ocrx_word' id='word_1_711' title='bbox 2797 4873 2811 4896; x_wconf 90' lang='lat'><strong>,</strong></span> <span class='ocrx_word' id='word_1_712' title='bbox 2845 4832 2958 4887; x_wconf 84' lang='lat' dir='ltr'><strong>ﬁeri</strong></span> <span class='ocrx_word' id='word_1_713' title='bbox 2997 4845 3106 4884; x_wconf 86' lang='lat' dir='ltr'><strong>non</strong></span> <span class='ocrx_word' id='word_1_714' title='bbox 3138 4843 3302 4898; x_wconf 88' lang='lat' dir='ltr'><strong>posse</strong></span> <span class='ocrx_word' id='word_1_715' title='bbox 3345 4834 3403 4878; x_wconf 85' lang='lat' dir='ltr'><strong>ut</strong></span> 
     </span>
    </p>
   </div>
   <div class='ocr_carea' id='block_1_95' title="bbox 164 4915 1649 5008">
    <p class='ocr_par' dir='ltr' id='par_1_95' title="bbox 164 4927 1649 5008">
     <span class='ocr_line' id='line_1_95' title="bbox 164 4927 1649 5008; baseline -0.008 -18"><span class='ocrx_word' id='word_1_716' title='bbox 164 4936 335 5008; x_wconf 85' lang='grc' dir='ltr'>μερῶν</span> <span class='ocrx_word' id='word_1_717' title='bbox 377 4934 469 4988; x_wconf 77' lang='grc' dir='ltr'>τοῦ</span> <span class='ocrx_word' id='word_1_718' title='bbox 523 4931 786 4996; x_wconf 80' lang='grc' dir='ltr'>ζωδιακοῦ</span> <span class='ocrx_word' id='word_1_719' title='bbox 853 4931 1093 5000; x_wconf 83' lang='grc' dir='ltr'>δηλονότι</span> <span class='ocrx_word' id='word_1_720' title='bbox 1142 4928 1278 5000; x_wconf 79' lang='grc' dir='ltr'>πρὸς</span> <span class='ocrx_word' id='word_1_721' title='bbox 1323 4928 1391 4981; x_wconf 79' lang='grc' dir='ltr'><strong>τὰ</strong></span> <span class='ocrx_word' id='word_1_722' title='bbox 1442 4927 1582 4998; x_wconf 86' lang='grc' dir='ltr'>μέρη</span> <span class='ocrx_word' id='word_1_723' title='bbox 1633 4943 1649 4978; x_wconf 84' lang='grc'><strong>’1</strong></span> 
     </span>
    </p>
   </div>
   <div class='ocr_carea' id='block_1_96' title="bbox 1920 4915 3405 5008">
    <p class='ocr_par' dir='ltr' id='par_1_96' title="bbox 1920 4915 3405 5000">
     <span class='ocr_line' id='line_1_96' title="bbox 1920 4915 3405 5000; baseline -0.015 -12"><span class='ocrx_word' id='word_1_724' title='bbox 1920 4959 1923 4980; x_wconf 81' lang='grc' dir='ltr'><strong>ι</strong></span> <span class='ocrx_word' id='word_1_725' title='bbox 1968 4933 2130 4988; x_wconf 90' lang='lat' dir='ltr'><strong>modo</strong></span> <span class='ocrx_word' id='word_1_726' title='bbox 2161 4929 2661 5000; x_wconf 82' lang='lat' dir='ltr'><strong>deprehendantur.</strong></span> <span class='ocrx_word' id='word_1_727' title='bbox 2700 4921 2839 4976; x_wconf 74' lang='lat' dir='ltr'><strong>Tum</strong></span> <span class='ocrx_word' id='word_1_728' title='bbox 2877 4919 3284 4988; x_wconf 86' lang='lat' dir='ltr'><strong>obliquationes</strong></span> <span class='ocrx_word' id='word_1_729' title='bbox 3328 4915 3405 4966; x_wconf 86' lang='lat' dir='ltr'><strong>ait</strong></span> 
     </span>
    </p>
   </div>
   <div class='ocr_carea' id='block_1_97' title="bbox 166 5011 1651 5098">
    <p class='ocr_par' dir='ltr' id='par_1_97' title="bbox 166 5016 1651 5098">
     <span class='ocr_line' id='line_1_97' title="bbox 166 5016 1651 5098; baseline -0.007 -18"><span class='ocrx_word' id='word_1_730' title='bbox 166 5025 468 5098; x_wconf 69' lang='grc' dir='ltr'>ἰσημερινοιῖ</span> <span class='ocrx_word' id='word_1_731' title='bbox 493 5042 507 5057; x_wconf 80' lang='grc' dir='ltr'><strong>ο</strong></span> <span class='ocrx_word' id='word_1_732' title='bbox 549 5025 642 5079; x_wconf 77' lang='grc' dir='ltr'><strong>ἐπὶ</strong></span> <span class='ocrx_word' id='word_1_733' title='bbox 682 5025 816 5078; x_wconf 76' lang='grc' dir='ltr'>πᾶσι</span> <span class='ocrx_word' id='word_1_734' title='bbox 855 5023 953 5086; x_wconf 85' lang='grc' dir='ltr'><strong>τὰς</strong></span> <span class='ocrx_word' id='word_1_735' title='bbox 998 5019 1391 5089; x_wconf 83' lang='grc' dir='ltr'>συναναφοράς,</span> <span class='ocrx_word' id='word_1_736' title='bbox 1429 5018 1574 5071; x_wconf 77' lang='grc' dir='ltr'>τοῦτ’</span> <span class='ocrx_word' id='word_1_737' title='bbox 1613 5016 1651 5069; x_wconf 74' lang='grc' dir='ltr'><strong>ἐς</strong></span> 
     </span>
    </p>
   </div>
   <div class='ocr_carea' id='block_1_98' title="bbox 1918 5011 3403 5098">
    <p class='ocr_par' dir='ltr' id='par_1_98' title="bbox 1920 5011 3403 5091">
     <span class='ocr_line' id='line_1_98' title="bbox 1920 5011 3403 5091; baseline -0.014 -11"><span class='ocrx_word' id='word_1_738' title='bbox 1920 5037 2037 5080; x_wconf 91' lang='lat' dir='ltr'><strong>ctas</strong></span> <span class='ocrx_word' id='word_1_739' title='bbox 2080 5041 2203 5079; x_wconf 85' lang='lat' dir='ltr'><strong>esse</strong></span> <span class='ocrx_word' id='word_1_740' title='bbox 2229 5063 2244 5084; x_wconf 92' lang='lat'><strong>,</strong></span> <span class='ocrx_word' id='word_1_741' title='bbox 2291 5021 2528 5091; x_wconf 90' lang='lat' dir='ltr'><strong>partium</strong></span> <span class='ocrx_word' id='word_1_742' title='bbox 2581 5016 2794 5072; x_wconf 86' lang='lat' dir='ltr'><strong>scilicet</strong></span> <span class='ocrx_word' id='word_1_743' title='bbox 2847 5013 3076 5068; x_wconf 40' lang='lat' dir='ltr'><strong>Zodiacil</strong></span> <span class='ocrx_word' id='word_1_744' title='bbox 3115 5011 3182 5064; x_wconf 90' lang='lat' dir='ltr'><strong>ad</strong></span> <span class='ocrx_word' id='word_1_745' title='bbox 3221 5015 3403 5080; x_wconf 83' lang='lat' dir='ltr'><strong>partes</strong></span> 
     </span>
    </p>
   </div>
   <div class='ocr_carea' id='block_1_99' title="bbox 162 5103 1647 5187">
    <p class='ocr_par' dir='ltr' id='par_1_99' title="bbox 162 5111 1647 5185">
     <span class='ocr_line' id='line_1_99' title="bbox 162 5111 1647 5185; baseline -0.008 -11"><span class='ocrx_word' id='word_1_746' title='bbox 162 5124 272 5185; x_wconf 86' lang='grc' dir='ltr'>ταῖς</span> <span class='ocrx_word' id='word_1_747' title='bbox 299 5121 491 5184; x_wconf 77' lang='grc' dir='ltr'>πόσαις</span> <span class='ocrx_word' id='word_1_748' title='bbox 520 5117 612 5172; x_wconf 79' lang='grc' dir='ltr'><strong>τοῦ</strong></span> <span class='ocrx_word' id='word_1_749' title='bbox 654 5115 916 5181; x_wconf 77' lang='grc' dir='ltr'>ζωδιακοῦ</span> <span class='ocrx_word' id='word_1_750' title='bbox 962 5115 1172 5185; x_wconf 87' lang='grc' dir='ltr'>μοίραις</span> <span class='ocrx_word' id='word_1_751' title='bbox 1212 5115 1265 5165; x_wconf 81' lang='grc' dir='ltr'>αἱ</span> <span class='ocrx_word' id='word_1_752' title='bbox 1296 5112 1457 5164; x_wconf 81' lang='grc' dir='ltr'>πόσαι</span> <span class='ocrx_word' id='word_1_753' title='bbox 1482 5111 1576 5162; x_wconf 81' lang='grc' dir='ltr'>τοῦ</span> <span class='ocrx_word' id='word_1_754' title='bbox 1611 5111 1647 5162; x_wconf 78' lang='lat' dir='ltr'><strong>lc</strong></span> 
     </span>
    </p>
   </div>
   <div class='ocr_carea' id='block_1_100' title="bbox 1918 5103 3403 5187">
    <p class='ocr_par' dir='ltr' id='par_1_100' title="bbox 1918 5103 3403 5187">
     <span class='ocr_line' id='line_1_100' title="bbox 1918 5103 3403 5187; baseline -0.013 -16"><span class='ocrx_word' id='word_1_755' title='bbox 1918 5115 2264 5187; x_wconf 59' lang='lat' dir='ltr'><strong>quinoctialis</strong></span> <span class='ocrx_word' id='word_1_756' title='bbox 2283 5153 2298 5176; x_wconf 91' lang='lat'><strong>,</strong></span> <span class='ocrx_word' id='word_1_757' title='bbox 2326 5123 2381 5167; x_wconf 88' lang='lat' dir='ltr'><strong>et</strong></span> <span class='ocrx_word' id='word_1_758' title='bbox 2417 5113 2472 5165; x_wconf 87' lang='lat' dir='ltr'><strong>in</strong></span> <span class='ocrx_word' id='word_1_759' title='bbox 2504 5109 2735 5178; x_wconf 87' lang='lat' dir='ltr'><strong>singulis</strong></span> <span class='ocrx_word' id='word_1_760' title='bbox 2771 5123 2892 5176; x_wconf 69' lang='lat' dir='ltr'><strong>quae</strong></span> <span class='ocrx_word' id='word_1_761' title='bbox 2919 5119 3044 5160; x_wconf 88' lang='lat' dir='ltr'><strong>cum</strong></span> <span class='ocrx_word' id='word_1_762' title='bbox 3077 5103 3187 5157; x_wconf 90' lang='lat' dir='ltr'><strong>illis</strong></span> <span class='ocrx_word' id='word_1_763' title='bbox 3214 5116 3321 5154; x_wconf 88' lang='lat' dir='ltr'><strong>una</strong></span> <span class='ocrx_word' id='word_1_764' title='bbox 3347 5114 3403 5152; x_wconf 84' lang='lat' dir='ltr'><strong>se</strong></span> 
     </span>
    </p>
   </div>
   <div class='ocr_carea' id='block_1_101' title="bbox 169 5190 1654 5285">
    <p class='ocr_par' dir='ltr' id='par_1_101' title="bbox 169 5205 1642 5285">
     <span class='ocr_line' id='line_1_101' title="bbox 169 5205 1642 5285; baseline -0.008 -18"><span class='ocrx_word' id='word_1_765' title='bbox 169 5213 379 5285; x_wconf 81' lang='grc' dir='ltr'>μερινοῦ</span> <span class='ocrx_word' id='word_1_766' title='bbox 411 5213 500 5266; x_wconf 82' lang='grc' dir='ltr'><strong>τὸν</strong></span> <span class='ocrx_word' id='word_1_767' title='bbox 532 5213 695 5264; x_wconf 82' lang='grc' dir='ltr'>αὐτὸν</span> <span class='ocrx_word' id='word_1_768' title='bbox 723 5211 1036 5281; x_wconf 72' lang='grc' dir='ltr'>ἰσημερινὸν</span> <span class='ocrx_word' id='word_1_769' title='bbox 1067 5207 1452 5277; x_wconf 80' lang='grc' dir='ltr'>διεξέρχονται.</span> <span class='ocrx_word' id='word_1_770' title='bbox 1489 5205 1642 5256; x_wconf 87' lang='grc' dir='ltr'>Ἔστι</span> 
     </span>
    </p>
   </div>
   <div class='ocr_carea' id='block_1_102' title="bbox 1918 5190 3403 5285">
    <p class='ocr_par' dir='ltr' id='par_1_102' title="bbox 1918 5190 3403 5270">
     <span class='ocr_line' id='line_1_102' title="bbox 1918 5190 3403 5270; baseline -0.015 -5"><span class='ocrx_word' id='word_1_771' title='bbox 1918 5209 2162 5266; x_wconf 60' lang='lat' dir='ltr'><strong>bierunt:</strong></span> <span class='ocrx_word' id='word_1_772' title='bbox 2211 5207 2277 5261; x_wconf 78' lang='lat' dir='ltr'><strong>id-</strong></span> <span class='ocrx_word' id='word_1_773' title='bbox 2313 5217 2433 5270; x_wconf 82' lang='lat' dir='ltr'><strong>est,</strong></span> <span class='ocrx_word' id='word_1_774' title='bbox 2480 5218 2605 5257; x_wconf 87' lang='lat' dir='ltr'><strong>cum</strong></span> <span class='ocrx_word' id='word_1_775' title='bbox 2652 5210 2785 5270; x_wconf 89' lang='lat' dir='ltr'><strong>quot</strong></span> <span class='ocrx_word' id='word_1_776' title='bbox 2841 5198 3093 5268; x_wconf 86' lang='lat' dir='ltr'><strong>partibus</strong></span> <span class='ocrx_word' id='word_1_777' title='bbox 3146 5190 3403 5253; x_wconf 81' lang='lat' dir='ltr'><strong>Zodiaci,</strong></span> 
     </span>
    </p>
   </div>
   <div class='ocr_carea' id='block_1_103' title="bbox 163 5281 1648 5374">
    <p class='ocr_par' dir='ltr' id='par_1_103' title="bbox 163 5281 1648 5374">
     <span class='ocr_line' id='line_1_103' title="bbox 163 5281 1648 5374; baseline -0.007 -17"><span class='ocrx_word' id='word_1_778' title='bbox 163 5281 276 5357; x_wconf 76' lang='grc' dir='ltr'>τόδε</span> <span class='ocrx_word' id='word_1_779' title='bbox 303 5320 316 5334; x_wconf 87' lang='grc'><strong>·</strong></span> <span class='ocrx_word' id='word_1_780' title='bbox 383 5303 676 5374; x_wconf 79' lang='grc' dir='ltr'>γεγράφθω</span> <span class='ocrx_word' id='word_1_781' title='bbox 735 5302 793 5355; x_wconf 77' lang='grc' dir='ltr'>δὲ</span> <span class='ocrx_word' id='word_1_782' title='bbox 838 5300 945 5354; x_wconf 87' lang='grc' dir='ltr'><strong>τῶν</strong></span> <span class='ocrx_word' id='word_1_783' title='bbox 993 5299 1220 5370; x_wconf 73' lang='grc' dir='ltr'>ὕστερον</span> <span class='ocrx_word' id='word_1_784' title='bbox 1268 5297 1648 5364; x_wconf 82' lang='grc' dir='ltr'>ἀναγνωσομέν</span> 
     </span>
    </p>
   </div>
   <div class='ocr_carea' id='block_1_104' title="bbox 1918 5281 3403 5374">
    <p class='ocr_par' dir='ltr' id='par_1_104' title="bbox 1918 5281 3403 5368">
     <span class='ocr_line' id='line_1_104' title="bbox 1918 5281 3403 5368; baseline -0.014 -14"><span class='ocrx_word' id='word_1_785' title='bbox 1918 5309 1966 5357; x_wconf 77' lang='lat' dir='ltr'><strong>ot</strong></span> <span class='ocrx_word' id='word_1_786' title='bbox 2003 5296 2434 5368; x_wconf 60' lang='lat' dir='ltr'><strong>IEquinortialis</strong></span> <span class='ocrx_word' id='word_1_787' title='bbox 2483 5307 2578 5364; x_wconf 83' lang='lat' dir='ltr'><strong>per</strong></span> <span class='ocrx_word' id='word_1_788' title='bbox 2617 5291 2767 5345; x_wconf 89' lang='lat' dir='ltr'><strong>illum</strong></span> <span class='ocrx_word' id='word_1_789' title='bbox 2803 5289 2982 5360; x_wconf 85' lang='lat' dir='ltr'><strong>ipsum</strong></span> <span class='ocrx_word' id='word_1_790' title='bbox 3018 5281 3403 5354; x_wconf 63' lang='lat' dir='ltr'><strong>Equinoctia-</strong></span> 
     </span>
    </p>
   </div>
   <div class='ocr_carea' id='block_1_105' title="bbox 166 5375 1651 5460">
    <p class='ocr_par' dir='ltr' id='par_1_105' title="bbox 166 5387 1651 5460">
     <span class='ocr_line' id='line_1_105' title="bbox 166 5387 1651 5460; baseline -0.006 -12"><span class='ocrx_word' id='word_1_791' title='bbox 166 5396 340 5451; x_wconf 73' lang='grc' dir='ltr'>εἵνεκα</span> <span class='ocrx_word' id='word_1_792' title='bbox 367 5413 382 5428; x_wconf 89' lang='grc'><strong>·</strong></span> <span class='ocrx_word' id='word_1_793' title='bbox 414 5393 533 5446; x_wconf 73' lang='grc' dir='ltr'>ἐπεὶ</span> <span class='ocrx_word' id='word_1_794' title='bbox 564 5395 645 5447; x_wconf 86' lang='grc' dir='ltr'><strong>σοί</strong></span> <span class='ocrx_word' id='word_1_795' title='bbox 673 5411 735 5460; x_wconf 89' lang='grc' dir='ltr'><strong>γε</strong></span> <span class='ocrx_word' id='word_1_796' title='bbox 761 5394 863 5446; x_wconf 79' lang='grc' dir='ltr'><strong>κάν</strong></span> <span class='ocrx_word' id='word_1_797' title='bbox 890 5389 968 5460; x_wconf 79' lang='grc' dir='ltr'>τῷ</span> <span class='ocrx_word' id='word_1_798' title='bbox 995 5390 1185 5444; x_wconf 81' lang='grc' dir='ltr'>πίνακι</span> <span class='ocrx_word' id='word_1_799' title='bbox 1210 5389 1459 5458; x_wconf 81' lang='grc' dir='ltr'>κείμενον</span> <span class='ocrx_word' id='word_1_800' title='bbox 1483 5387 1651 5457; x_wconf 79' lang='grc' dir='ltr'>ὲξαρκ</span> 
     </span>
    </p>
   </div>
   <div class='ocr_carea' id='block_1_106' title="bbox 1998 5375 3483 5460">
    <p class='ocr_par' dir='ltr' id='par_1_106' title="bbox 1998 5375 3483 5453">
     <span class='ocr_line' id='line_1_106' title="bbox 1998 5375 3483 5453; baseline -0.014 -10"><span class='ocrx_word' id='word_1_801' title='bbox 1998 5397 2268 5444; x_wconf 70' lang='lat' dir='ltr'><strong>ranseunt.</strong></span> <span class='ocrx_word' id='word_1_802' title='bbox 2298 5386 2395 5442; x_wconf 84' lang='lat' dir='ltr'><strong>Est</strong></span> <span class='ocrx_word' id='word_1_803' title='bbox 2435 5395 2613 5440; x_wconf 87' lang='lat' dir='ltr'><strong>autem</strong></span> <span class='ocrx_word' id='word_1_804' title='bbox 2640 5383 2992 5453; x_wconf 84' lang='lat' dir='ltr'><strong>Epigramma</strong></span> <span class='ocrx_word' id='word_1_805' title='bbox 3032 5375 3178 5447; x_wconf 90' lang='lat' dir='ltr'><strong>quod</strong></span> <span class='ocrx_word' id='word_1_806' title='bbox 3225 5381 3408 5444; x_wconf 86' lang='lat' dir='ltr'><strong>poste-</strong></span> <span class='ocrx_word' id='word_1_807' title='bbox 3482 5378 3483 5381; x_wconf 78' lang='lat'>‘</span> 
     </span>
    </p>
   </div>
   <div class='ocr_carea' id='block_1_107' title="bbox 170 5468 3410 5550">
    <p class='ocr_par' dir='ltr' id='par_1_107' title="bbox 170 5468 3410 5550">
     <span class='ocr_line' id='line_1_107' title="bbox 170 5468 3410 5550; baseline -0.007 -8"><span class='ocrx_word' id='word_1_808' title='bbox 170 5500 345 5542; x_wconf 78' lang='lat' dir='ltr'><strong>rerum</strong></span> <span class='ocrx_word' id='word_1_809' title='bbox 391 5499 557 5539; x_wconf 87' lang='lat' dir='ltr'><strong>causa</strong></span> <span class='ocrx_word' id='word_1_810' title='bbox 611 5485 713 5538; x_wconf 87' lang='lat' dir='ltr'><strong>hoc</strong></span> <span class='ocrx_word' id='word_1_811' title='bbox 763 5485 883 5537; x_wconf 91' lang='lat' dir='ltr'><strong>loco</strong></span> <span class='ocrx_word' id='word_1_812' title='bbox 931 5481 1230 5550; x_wconf 84' lang='lat' dir='ltr'><strong>ascriptum</strong></span> <span class='ocrx_word' id='word_1_813' title='bbox 1281 5486 1366 5533; x_wconf 87' lang='lat' dir='ltr'><strong>est</strong></span> <span class='ocrx_word' id='word_1_814' title='bbox 1396 5521 1410 5543; x_wconf 92' lang='lat'><strong>,</strong></span> <span class='ocrx_word' id='word_1_815' title='bbox 1459 5480 1552 5548; x_wconf 91' lang='lat' dir='ltr'><strong>qui</strong></span> <span class='ocrx_word' id='word_1_816' title='bbox 1611 5482 1721 5536; x_wconf 92' lang='lat' dir='ltr'><strong>sint</strong></span> <span class='ocrx_word' id='word_1_817' title='bbox 1755 5481 1995 5540; x_wconf 87' lang='lat' dir='ltr'><strong>lecturi:</strong></span> <span class='ocrx_word' id='word_1_818' title='bbox 2043 5498 2170 5537; x_wconf 88' lang='lat' dir='ltr'><strong>nam</strong></span> <span class='ocrx_word' id='word_1_819' title='bbox 2208 5479 2308 5536; x_wconf 88' lang='lat' dir='ltr'><strong>tibi</strong></span> <span class='ocrx_word' id='word_1_820' title='bbox 2339 5479 2556 5549; x_wconf 90' lang='lat' dir='ltr'><strong>quidem</strong></span> <span class='ocrx_word' id='word_1_821' title='bbox 2589 5475 2724 5534; x_wconf 88' lang='lat' dir='ltr'><strong>satis</strong></span> <span class='ocrx_word' id='word_1_822' title='bbox 2751 5489 2868 5537; x_wconf 83' lang='lat' dir='ltr'><strong>est,</strong></span> <span class='ocrx_word' id='word_1_823' title='bbox 2939 5473 2995 5525; x_wconf 88' lang='lat' dir='ltr'><strong>in</strong></span> <span class='ocrx_word' id='word_1_824' title='bbox 3041 5468 3224 5523; x_wconf 87' lang='lat' dir='ltr'><strong>tabula</strong></span> <span class='ocrx_word' id='word_1_825' title='bbox 3287 5479 3410 5524; x_wconf 80' lang='lat' dir='ltr'><strong>esse</strong></span> 
     </span>
    </p>
   </div>
   <div class='ocr_carea' id='block_1_108' title="bbox 173 5595 417 5636">
    <p class='ocr_par' dir='ltr' id='par_1_108' title="bbox 173 5595 417 5636">
     <span class='ocr_line' id='line_1_108' title="bbox 173 5595 417 5636; baseline -0.004 -1"><span class='ocrx_word' id='word_1_826' title='bbox 173 5595 417 5636; x_wconf 78' lang='lat' dir='ltr'><strong>mersum.</strong></span> 
     </span>
    </p>
   </div>
   <div class='ocr_carea' id='block_1_109' title="bbox 183 5662 1730 5740">
    <p class='ocr_par' dir='ltr' id='par_1_109' title="bbox 183 5662 1730 5740">
     <span class='ocr_line' id='line_1_109' title="bbox 183 5662 1730 5740; baseline -0.004 -14"><span class='ocrx_word' id='word_1_827' title='bbox 183 5672 244 5726; x_wconf 88' lang='grc' dir='ltr'><em>Ἥ</em></span> <span class='ocrx_word' id='word_1_828' title='bbox 260 5673 438 5740; x_wconf 67' lang='grc' dir='ltr'>σοφίη</span> <span class='ocrx_word' id='word_1_829' title='bbox 458 5671 559 5724; x_wconf 80' lang='grc' dir='ltr'><strong>στί</strong></span> <span class='ocrx_word' id='word_1_830' title='bbox 562 5671 666 5740; x_wconf 74' lang='grc' dir='ltr'><strong>6ον</strong></span> <span class='ocrx_word' id='word_1_831' title='bbox 687 5664 862 5740; x_wconf 73' lang='grc' dir='ltr'>εὗρεν</span> <span class='ocrx_word' id='word_1_832' title='bbox 879 5668 944 5740; x_wconf 63' lang='grc' dir='ltr'><strong>ές</strong></span> <span class='ocrx_word' id='word_1_833' title='bbox 959 5665 1239 5740; x_wconf 77' lang='grc' dir='ltr'>οὐρανόν.</span> <span class='ocrx_word' id='word_1_834' title='bbox 1255 5662 1324 5718; x_wconf 85' lang='grc' dir='ltr'><strong><em>Ὦ</em></strong></span> <span class='ocrx_word' id='word_1_835' title='bbox 1337 5665 1488 5740; x_wconf 70' lang='grc' dir='ltr'>μέγα</span> <span class='ocrx_word' id='word_1_836' title='bbox 1502 5666 1730 5738; x_wconf 63' lang='grc' dir='ltr'>θαῦμα]</span> 
     </span>
    </p>
   </div>
   <div class='ocr_carea' id='block_1_110' title="bbox 1838 5649 3227 5729">
    <p class='ocr_par' dir='ltr' id='par_1_110' title="bbox 1838 5649 3227 5729">
     <span class='ocr_line' id='line_1_110' title="bbox 1838 5649 3227 5729; baseline -0.013 -10"><span class='ocrx_word' id='word_1_837' title='bbox 1838 5662 2040 5719; x_wconf 85' lang='lat' dir='ltr'><strong>Invenit</strong></span> <span class='ocrx_word' id='word_1_838' title='bbox 2072 5659 2256 5729; x_wconf 83' lang='lat' dir='ltr'><strong>sophia</strong></span> <span class='ocrx_word' id='word_1_839' title='bbox 2288 5656 2536 5729; x_wconf 10' lang='lat' dir='ltr'><strong>adicwlos</strong></span> <span class='ocrx_word' id='word_1_840' title='bbox 2562 5654 2760 5729; x_wconf 65' lang='lat' dir='ltr'><strong>aditum</strong></span> <span class='ocrx_word' id='word_1_841' title='bbox 2800 5666 2831 5729; x_wconf 43' lang='grc' dir='ltr'><strong>ξ.</strong></span> <span class='ocrx_word' id='word_1_842' title='bbox 2862 5664 2891 5702; x_wconf 88' lang='grc' dir='ltr'><strong>ο</strong></span> <span class='ocrx_word' id='word_1_843' title='bbox 2911 5649 3010 5728; x_wconf 42' lang='grc' dir='ltr'>ὀἱα</span> <span class='ocrx_word' id='word_1_844' title='bbox 3047 5649 3227 5702; x_wconf 86' lang='lat' dir='ltr'><strong>mira!</strong></span> 
     </span>
    </p>
   </div>
   <div class='ocr_carea' id='block_1_111' title="bbox 237 5733 1472 5807">
    <p class='ocr_par' dir='ltr' id='par_1_111' title="bbox 237 5733 1472 5807">
     <span class='ocr_line' id='line_1_111' title="bbox 237 5733 1472 5807; baseline -0.002 -11"><span class='ocrx_word' id='word_1_845' title='bbox 237 5733 350 5797; x_wconf 71' lang='grc' dir='ltr'>Καί</span> <span class='ocrx_word' id='word_1_846' title='bbox 368 5733 509 5801; x_wconf 77' lang='grc' dir='ltr'>νόος</span> <span class='ocrx_word' id='word_1_847' title='bbox 537 5739 605 5799; x_wconf 74' lang='grc' dir='ltr'><strong>ἐξ</strong></span> <span class='ocrx_word' id='word_1_848' title='bbox 634 5733 832 5794; x_wconf 80' lang='grc' dir='ltr'>αὐτῶν</span> <span class='ocrx_word' id='word_1_849' title='bbox 867 5733 1052 5807; x_wconf 74' lang='grc' dir='ltr'><strong>ἦλθεύ</strong></span> <span class='ocrx_word' id='word_1_850' title='bbox 1075 5733 1472 5805; x_wconf 68' lang='grc' dir='ltr'>ἐπουρανίων.</span> 
     </span>
    </p>
   </div>
   <div class='ocr_carea' id='block_1_112' title="bbox 1912 5719 2992 5786">
    <p class='ocr_par' dir='ltr' id='par_1_112' title="bbox 1912 5719 2992 5786">
     <span class='ocr_line' id='line_1_112' title="bbox 1912 5719 2992 5786; baseline -0.016 0"><span class='ocrx_word' id='word_1_851' title='bbox 1912 5731 1978 5786; x_wconf 78' lang='lat' dir='ltr'><strong>Ut</strong></span> <span class='ocrx_word' id='word_1_852' title='bbox 2016 5719 2160 5785; x_wconf 68' lang='lat' dir='ltr'><strong>utens</strong></span> <span class='ocrx_word' id='word_1_853' title='bbox 2191 5728 2451 5784; x_wconf 77' lang='lat' dir='ltr'><strong>ccelitibus</strong></span> <span class='ocrx_word' id='word_1_854' title='bbox 2486 5724 2616 5781; x_wconf 75' lang='lat' dir='ltr'><strong>venit</strong></span> <span class='ocrx_word' id='word_1_855' title='bbox 2647 5722 2709 5775; x_wconf 86' lang='lat' dir='ltr'><strong>ab</strong></span> <span class='ocrx_word' id='word_1_856' title='bbox 2741 5719 2992 5774; x_wconf 73' lang='lat' dir='ltr'><strong>wtlieriis.</strong></span> 
     </span>
    </p>
   </div>
  </div>
