3762 6230
439 282 578 339 1619

1639 283 1698 338 S.
1746 281 2023 337 ARSEMI
2063 282 2391 341 EREMITE

3587 297 3689 350 1626

435 397 667 469 Spiritus
697 398 1077 455 emundationi
1105 396 1448 454 studeamus.
1476 396 1641 466 Atqui
1668 395 1860 450 multis
1884 412 2004 452 sane

2182 416 2279 463 ωςν
2311 401 2610 473 χρημάτων
2649 402 2890 473 ἔρωτος·
2938 404 3155 459 καὶτοῦ
3188 407 3414 461 πάντων
3450 408 3686 480 χείρονας,
3718 404 3731 435 ι

432 502 498 543 ea
525 489 755 545 incessit
787 504 942 555 cura,
974 498 1033 543 ut
1062 489 1456 545 scortationem
1498 503 1563 541 ac
1595 488 1851 542 carnales
1886 488 2012 542 reli-

433 595 571 650 quas
610 580 865 636 libidines
915 580 1257 650 all‘ectusque
1284 580 1576 651 diligenter
1623 588 1882 633 caverent
1911 595 1924 631 :
1957 590 2015 634 ut

432 677 616 724 autem
643 671 948 725 occultiora
979 669 1110 724 vitia
1140 671 1412 733 eluerent,
1452 680 1581 739 puta
1618 669 1856 731 invidiae,
1892 674 2012 722 ina-

431 758 520 813 nis
554 760 765 829 gloriae,
797 777 953 816 vanae
989 778 1105 817 suae
1133 762 1415 833 opinionis
1442 770 1497 816 et
1521 762 1825 830 jactantiae,
1858 776 2011 814 amo-

432 849 510 903 ris
548 853 930 919 pecuniarum,
971 853 1334 923 omniumque
1379 852 1640 907 vitiorum
1698 852 2008 913 deterrimi,

429 943 721 1009 superbiae,
752 959 924 1015 seque
952 945 1149 1000 horum
1192 944 1441 999 molestia
1490 944 1812 1006 liberarent,
1851 942 2008 1011 pauci

428 1031 721 1089 admodum
766 1051 1058 1091 curavere.
1092 1035 1232 1090 llinc
1278 1036 1336 1089 fit
1373 1044 1434 1089 ut
1480 1035 1711 1090 dimidio
1761 1035 2009 1087 unitilam

2119 488 2525 560 ὑπερηφανείας
2551 506 2563 518 ·
2620 491 2824 546 τούτοιν
2858 495 3117 563 ἐκφυγεῖν
3154 496 3254 559 τάς
3295 496 3589 567 ὀχλήσεις,

2117 596 2206 646 γοι
2256 580 2451 651 κομιδῇ
2510 585 2935 653 πεφροντήκασι.
2976 586 3243 660 Ταύτῃτοι
3293 590 3396 659 τὴν
3448 590 3689 661 κάθαρσςν

2116 671 2176 738 ἔξ
2205 671 2460 742 ἡμισείας
2493 672 2708 743 ἔχουσιν
2735 672 2880 730 οὗτοι
2903 693 2916 705 ⁸
2947 679 3148 747 μᾶλλον
3176 681 3253 741 δὲ,
3277 680 3359 750 τῷ
3381 682 3606 735 πλείονι
3625 686 3688 733 καὶ

2116 764 2438 835 κυριωτέρῳ
2497 766 2657 837 μέρει
2690 766 2993 838 ἀκάθαρτοι
3049 773 3395 842 μεμενήκασι
3426 790 3443 801 ’
3484 776 3581 828 καὶ
3607 770 3687 827 οἴω

2115 853 2433 923 ἀνδριάντες
2470 856 2628 919 εἰσὶν,
2658 857 2707 909 οῖ
2740 857 2937 922 ἔξωθεν
2974 861 3073 930 μὲν
3115 862 3191 931 τῷ
3222 864 3412 933 χρυσῷ
3456 865 3689 927 πολλάκις

2116 944 2149 1015 ἦ
2175 944 2271 997 καὶ
2298 944 2490 1016 χαλκῷ
2529 948 2826 1012 στίλϐουσι,
2853 952 2922 1003 τὰ
2949 951 3006 1003 δὲ
3035 952 3205 1012 ἔνδον.
3235 955 3597 1027 ἀκαθαρσίας
3623 962 3689 1008 καὶ
3734 994 3741 1029 4

2119 1033 2249 1103 ὖλης
2283 1035 2463 1104 πάσης
2494 1035 2660 1107 ἄλλης
2693 1038 3050 1108 πεπλήρωται
3070 1041 3442 1111 φαυλοτάτης.

426 1124 486 1179 hi
516 1127 958 1183 emundationem
986 1129 1305 1194 obtineant;
1341 1129 1476 1198 quin
1512 1128 1624 1181 imo
1664 1127 1857 1195 majori
1904 1126 2209 1195 potiorique
2244 1137 2397 1195 parte
2462 1128 2731 1185 immundi
2797 1144 3200 1202 perseverant;
3272 1146 3537 1207 suntque
3602 1152 3689 1195 sta-
3740 1146 3741 1203 γ

425 1219 538 1273 tuis
571 1218 805 1283 similes,
840 1218 979 1274 foris
1016 1220 1237 1289 quidem
1278 1219 1482 1289 saepius
1517 1236 1657 1275 auro
1707 1228 1804 1273 aut
1875 1219 2039 1272 etiam
2079 1234 2185 1272 aere
2227 1219 2586 1288 fulgentibus,
2658 1238 2783 1280 cum
2835 1226 2984 1281 intus
3030 1228 3385 1285 immunditia
3445 1238 3689 1305 omnique

422 1307 530 1361 alia
566 1305 837 1361 vilissima
870 1307 1103 1360 materia
1134 1307 1403 1363 iufercitat
1431 1308 1561 1361 sint.

494 1398 560 1455 ΙΙ.
603 1396 699 1453 liis
733 1413 836 1453 nos
869 1399 1055 1467 itaque
1085 1399 1253 1452 ctiam
1296 1400 1552 1455 obscuris
1582 1398 1734 1453 vitiis
1765 1413 1829 1451 ac
1870 1396 2004 1449 affe-

422 1490 605 1545 ctibus
643 1489 907 1558 majorem
958 1490 1013 1543 in
1068 1488 1291 1543 modum
1341 1490 1630 1544 emundari
1661 1490 2003 1544 studeamus.

423 1580 567 1648 Quin
613 1596 681 1636 ne
722 1582 827 1634 hoc
865 1596 1083 1651 quoque
1130 1596 1233 1635 nos
1275 1580 1463 1641 lateat,
1516 1580 1735 1640 fratres.
1789 1579 2000 1633 hostem

424 1680 677 1728 nostrum
709 1672 986 1727 diabolum
1032 1672 1218 1727 multis
1257 1673 1539 1741 variisque
1595 1672 1866 1725 machinis
1898 1670 2003 1725 hoc

423 1765 605 1818 moliri
636 1772 694 1819 ut
727 1765 956 1820 seducat
995 1764 1235 1833 bonique
1264 1778 1329 1819 ac
1362 1764 1579 1819 honesti
1613 1764 1798 1832 specie
1828 1762 1881 1816 in
1918 1762 2001 1816 fo-
2034 1797 2077 1852 Β

424 1872 580 1910 veam
612 1856 878 1911 malorum
920 1872 983 1909 ac
1013 1856 1243 1909 exitium
1287 1856 1488 1908 trahat.
1533 1855 1685 1917 Puta,
1712 1852 2001 1922 hospitali-

423 1956 589 2001 tatem
639 1948 823 2002 colere
866 1947 1145 2007 admouet,
1190 1956 1244 1999 et
1285 1954 1344 1998 ut
1389 1946 1751 2001 adventantes
1801 1946 2002 2002 fratres

424 2039 529 2092 lzeti
559 2038 949 2107 suscipiamus,
971 2037 1301 2107 quibuscum
1328 2037 1442 2105 pari
1471 2052 1658 2092 mensa
1686 2037 1871 2092 cibum
1901 2054 2001 2108 po-

424 2139 651 2199 tumque
684 2143 992 2183 sumamus.
1026 2127 1202 2196 linjus
1232 2129 1396 2185 ratio.
1427 2128 1716 2184 charitatis
1756 2129 1998 2195 bonum;

422 2226 650 2289 tumque
689 2219 826 2272 adeo
875 2218 1079 2271 sensim
1126 2220 1400 2286 obrepens
1431 2233 1495 2271 ac
1523 2218 1781 2279 illiciens,
1805 2234 1870 2273 eo
1901 2234 2000 2273 oc-

420 2312 566 2366 culte
598 2310 764 2364 trahit
797 2319 855 2363 ut
889 2311 1066 2363 ventri
1095 2312 1437 2376 serviamus;
1478 2311 1713 2380 indeque
1756 2310 1995 2366 libidini-

419 2400 524 2455 bus
565 2416 630 2454 ac
676 2401 1049 2470 voluptatibus
1094 2401 1572 2471 impudicitiisqnc
1618 2402 1685 2456 ad
1737 2418 1997 2458 nauseam

420 2506 596 2560 usque
631 2491 1004 2561 inquinentur.
1033 2493 1171 2548 Aliis
1207 2508 1402 2547 rursus
1431 2496 1834 2564 eleemosynam
1871 2512 2000 2551 sua-

418 2581 556 2637 dens
584 2598 647 2635 ac
680 2584 1094 2651 benignitatem,
1129 2586 1293 2652 inque
1319 2601 1521 2653 egenos
1557 2584 1995 2649 beneficentiam,

420 2688 517 2743 per
542 2690 661 2726 eam
686 2675 1034 2727 occasionem
1066 2675 1422 2743 pecuniarum
1450 2690 1692 2728 amorem
1720 2675 1994 2742 accendit,

417 2772 472 2820 et
505 2774 563 2818 ut
593 2765 837 2818 avaritia:
866 2776 1039 2819 (nstro
1081 2765 1382 2819 insaniant.
1408 2764 1545 2820 Aliis
1580 2766 1811 2820 aliorum
1845 2767 1996 2821 utili-

419 2860 613 2915 tatem,
668 2851 735 2905 iis
786 2853 1072 2921 capiendis
1121 2868 1304 2908 escam
1355 2856 1766 2919 subseminans,
1806 2867 1997 2911 auctor

420 2942 522 2995 fuit
576 2952 635 2994 ut
683 2942 1036 2998 solitudinem
1087 2945 1245 3014 quasi
1294 2945 1543 3001 inutilem
1601 2948 1834 3016 ejusque
1883 2950 1995 3002 otia

417 3033 755 3097 desererent,
782 3042 838 3088 et
884 3042 943 3087 ut
986 3035 1335 3091 saecularium
1373 3038 1536 3106 vulgo
1567 3039 1842 3109 colloquia
1888 3040 1994 3092 ιιιὶ-

2180 1388 2253 1443 B’.
2286 1392 2506 1447 Τούτων
2533 1388 2626 1448 οὖν
2658 1396 2751 1448 καὶ
2792 1398 2992 1466 μᾶλλον
3018 1404 3178 1473 ήμεῖς
3199 1406 3304 1460 τῶν
3341 1410 3570 1483 ἀδήλων
3608 1434 3690 1469 πα·

2108 1477 2216 1532 θῶν
2252 1483 2681 1552 ὲκκαθαίρεσθαι
2714 1491 3123 1562 σπουδάσωμεν.
3183 1498 3292 1551 Καὶ
3340 1477 3517 1557 τούτο
3549 1507 3603 1559 ἃ
3629 1510 3688 1577 μὴ

2105 1569 2414 1666 λανθανέτω
2474 1579 2643 1647 ήμᾶς,
2702 1581 2945 1649 ἀδελφοὶ,
2980 1584 3127 1648 ὅπως
3166 1589 3193 1639 ὁ
3228 1589 3550 1660 ὲχθραίνων

2103 1661 2369 1731 διάϐολος,
2399 1668 2621 1733 πολλαῖς
2663 1673 2755 1725 καὶ
2794 1675 3068 1740 ποικίλαις
3107 1681 3223 1743 ταῖς
3257 1690 3543 1753 μηχαναῖς

2107 1772 2267 1825 μενος
2292 1756 2569 1833 ὲξαπατᾷν
2598 1766 2879 1834 πειρᾶται,
2918 1769 3012 1821 καὶ
3040 1771 3309 1840 προφάσει
3341 1776 3443 1830 τοῦ
3472 1756 3687 1847 ἀγαθοῦ,

2102 1850 2219 1939 τοῖς
2248 1855 2506 1922 πονηροῖς
2540 1856 2833 1923 ἐμπίπτειν
2857 1863 3288 1929 παρασκευάζει.
3324 1865 3460 1922 Οἷον
3497 1874 3689 1939 φιλοξε-

2102 1938 2223 1992 νίαν
2246 1940 2656 2011 ὑποτιθέμενος,
2683 1948 2775 1999 καὶ
2804 1948 2902 2020 τὴν
2928 1951 3038 2005 τῶν
3069 1938 3543 2024 παραϐαλλόντων
3562 1965 3689 2017 ἀδελ-

2102 2029 2218 2096 φῶν
2260 2030 2573 2097 ἀκολούθως
2605 2035 3028 2111 φιλοφροσύνην,
3060 2046 3361 2101 συνεσθίειν
3400 2052 3591 2117 αὐτοῖς
3612 2058 3689 2107 καὶ

2103 2120 2390 2214 συμπίνειν
2416 2126 2847 2194 παρασκευάζει.
2879 2130 3038 2202 Καὶή
3067 2134 3235 2200 αίτία,
3263 2137 3325 2190 τὸ
3349 2140 3454 2211 τῆς
3484 2144 3689 2214 ἀγάπης

2101 2211 2267 2265 καλόν
2285 2229 2298 2241 ⁸
2332 2208 2434 2266 εἴθ’
2462 2214 2634 2281 οὕτως
2661 2219 3019 2275 ὑποκλέπτων
3062 2225 3248 2295 ἡρέμα
3278 2229 3381 2282 καὶ

2100 2304 2182 2367 είς
2232 2304 2294 2356 τὸ
2347 2306 2411 2377 τῇ
2449 2311 2648 2378 γαστρὶ
2701 2310 2971 2365 δουλεύειν
3020 2317 3169 2386 ἡμᾶς
3213 2318 3398 2389 λάθρα
3436 2325 3685 2379 εἵλκυσε·

2100 2393 2396 2485 κάντεῦθεν
2421 2398 2748 2466 ὲμπαθείαις
2763 2403 2856 2455 καὶ
2883 2405 3099 2474 ἡδοναῖς
3121 2411 3202 2472 είς
3223 2412 3391 2482 κόρον
3419 2417 3685 2485 ἐμόλυνεν.

2103 2480 2319 2546 ’Λλλοις
2354 2486 2516 2539 πάλιν
2553 2487 2925 2563 ἐλεημοσύνην
2966 2480 3429 2556 ὑποϐάλλωννκαὶ
3455 2480 3688 2577 ῄχρηστό-

2100 2589 2260 2643 τητα,
2293 2576 2388 2628 καὶ
2409 2578 2508 2643 τὴν
2542 2581 2672 2651 περὶ
2701 2583 2828 2646 τοὺς
2852 2585 3087 2655 πένητας
3132 2590 3415 2660 εὐποιίαν,
3450 2600 3689 2653 sweﬁﬁsv

2099 2663 2279 2762 ξρωτα
2305 2668 2602 2762 χρημάτων
2635 2672 2817 2736 αὐτοῖς
2842 2676 3023 2746 ἐνῆκε,
3047 2682 3139 2733 καὶ
3162 2684 3299 2754 πρὸς
3324 2686 3690 2762 φιλαργυρίαν

2099 2752 2384 2845 ἐξέμηνεν.
2417 2758 2660 2830 Ἑτέροις
2708 2762 2806 2834 τὴν
2839 2767 2947 2818 τῶν
2973 2769 3182 2824 πολλῶν
3208 2752 3496 2843 ὠφέλειαν
3626 2784 3691 2835 δὲ·

2098 2844 2231 2917 λεαρ
2266 2848 2635 2921 ὑποσπείρων,
2666 2855 2765 2927 τὴν
2816 2859 3045 2929 ἡσυχίαν
3088 2862 3163 2926 ὡς
3212 2865 3478 2936 ἄκαρπον
3512 2873 3691 2926 ἀπολι.

2099 2940 2219 2991 πεῖν
2260 2943 2643 3010 παρεσκεύασε
2670 2967 2681 2978 -
2710 2950 2806 3001 καὶ
2835 2952 3051 3016 πολλοῖς
3086 2956 3184 3024 μὲν
3242 2958 3356 3011 τῶν
3407 2966 3692 3033 κοσμικῶν

2096 3028 2306 3099 ὁμιλεῖν
2331 3046 2345 3060 ·
2399 3033 2515 3087 ἔστι
2564 3034 2608 3087 δ’
2653 3038 2742 3091 ὅτε
2774 3042 2868 3092 καὶ
2896 3043 3032 3112 πρὸς
3056 3049 3323 3113 γυναῖκας
3356 3028 3694 3121 ἀφυλάκτως

417 3133 675 3180 scereut:
710 3127 1044 3197 quandoque
1075 3129 1242 3182 etiam
1274 3129 1473 3191 suasit,
1498 3137 1557 3183 ut
1587 3138 1641 3184 et
1677 3145 1803 3184 cum
1834 3130 1991 3185 femi-

2180 3122 2252 3176 ἱτο
2281 3129 2455 3180 ποιεῖν
2490 3128 2798 3195 ἀνέπεισεν,
2829 3134 3019 3208 ὼςήδη
3055 3141 3191 3211 πρὸς
3217 3144 3501 3200 ἀπάθειαν
3542 3152 3697 3219 ἑφθαυ

415 3216 525 3279 nis,
558 3218 706 3271 velut
752 3218 865 3286 jam
916 3230 1135 3289 arrepta
1180 3220 1693 3289 imperturbationis
1743 3235 1892 3293 arce,
1938 3220 1993 3275 id

416 3306 593 3376 ipsum
636 3310 913 3364 incautius
962 3318 1333 3380 praestarent:
1383 3312 1551 3382 inque
1593 3327 1717 3366 eum
1773 3312 1993 3366 modum

416 3397 744 3456 libidinosas
775 3416 842 3455 ac
874 3401 1249 3472 voluptatibus
1284 3403 1501 3458 deditos
1524 3404 1758 3459 miseros
1787 3402 1990 3459 effecit.

413 3489 569 3546 Alios
596 3492 746 3547 omni
786 3494 1182 3564 cogitationem
1222 3503 1359 3548 azstu
1410 3495 1614 3549 liberos
1654 3496 1865 3555 sinens.
1900 3511 1993 3549 ea-

414 3596 524 3652 que
555 3582 769 3638 ratione
802 3584 1034 3650 elidens,
1063 3585 1210 3654 qnod
1241 3586 1460 3641 cunctis
1485 3586 1635 3641 vitiis
1678 3588 1992 3656 superiores

413 3673 755 3738 viderentur,
784 3675 838 3729 in
867 3677 1184 3746 superbiam
1216 3678 1431 3737 extulit.
1454 3677 1646 3747 sicque
1677 3678 1839 3732 facile
1866 3693 1993 3748 pro-

414 3767 630 3821 stravit.
662 3763 1002 3837 Quandoque
1034 3782 1165 3824 vero
1207 3770 1398 3835 etiam,
1425 3768 1614 3823 dando
1656 3769 1785 3825 belli
1831 3769 1992 3823 indu-

412 3856 530 3911 eias
568 3872 859 3929 pugnaque
891 3859 1199 3925 abstinens,
1232 3875 1360 3930 erga
1396 3876 1495 3915 eos
1528 3862 1763 3916 maxime
1792 3864 1883 3931 qui
1922 3863 1990 3916 ad

411 3948 539 4002 vita
570 3948 840 4019 religiosa:
864 3965 1071 4022 agones
1103 3966 1162 4007 se
1187 3967 1361 4021 nuper
1382 3954 1688 4017 exuissent,
1722 3952 1807 4007 sui
1837 3970 1992 4009 secu-

412 4049 507 4091 ros
558 4052 835 4100 esse,nec
891 4054 1024 4093 cura
1083 4041 1353 4095 sollicitos
1407 4041 1669 4096 seductor
1729 4041 1986 4107 induxit;

413 4127 655 4195 hincque
676 4129 811 4183 adeo
842 4129 896 4183 in
923 4130 1213 4200 segnitiem
1246 4131 1557 4200 impellens.
1578 4140 1744 4201 atque
1769 4133 1987 4190 labores

415 4220 707 4289 neglectim
739 4221 942 4276 habere
988 4222 1219 4287 faciens,
1251 4233 1476 4293 repente
1515 4224 1745 4280 adortus
1781 4226 1854 4280 uti
1890 4226 1988 4281 de-

412 4306 550 4362 biles
580 4315 746 4377 atque
784 4308 1047 4372 inermes,
1079 4311 1566 4367 innumerabilium
1591 4314 1983 4381 cogitationum

411 4402 606 4448 uastum
652 4395 762 4451 illis
800 4399 1099 4450 commovit
1137 4408 1308 4467 atque
1352 4399 1574 4453 miscuit
1606 4401 1987 4455 conturbavit-

410 4498 521 4553 que
557 4502 571 4538 :
602 4486 739 4555 quin
778 4494 832 4541 et
883 4488 1085 4557 saepius
1133 4488 1408 4558 profundo
1462 4492 1723 4548 vitiorum
1772 4497 1980 4551 mersit.

409 4571 550 4628 Aliis
580 4588 772 4631 rursus
802 4577 978 4632 suasit
1007 4586 1064 4631 ut
1092 4580 1195 4634 sibi
1229 4581 1356 4649 ipsi,
1382 4590 1640 4651 tanquam
1664 4584 1778 4651 jam
1812 4586 1984 4655 majo-

410 4678 527 4718 rem
564 4665 785 4720 modum
816 4671 1122 4733 consecuti,
1154 4673 1515 4738 confiderent,
1546 4682 1600 4728 et
1648 4687 1705 4729 ut
1748 4677 1980 4731 aliorum

409 4753 649 4810 creditas
674 4757 1041 4827 cogitationes
1077 4763 1415 4832 acciperent,
1452 4766 1795 4836 allectusque
1821 4777 1878 4821 et
1918 4768 1982 4822 li-

409 4843 624 4902 bidiues
664 4856 830 4918 atque
875 4851 1063 4920 praelia
1108 4852 1427 4923 detegentes
1460 4857 1720 4913 audirent
1751 4876 1764 4912 :
1801 4859 1980 4929 quod-

407 4946 517 5002 que
558 4936 792 4991 necdum
843 4953 977 4993 suos
1028 4941 1131 5010 ipsi
1170 4941 1400 4999 affectus
1435 4953 1599 5015 atque
1638 4948 1767 5001 vitia
1813 4949 1984 5018 probe

407 5024 695 5094 eluissent,
726 5043 853 5082 cum
910 5031 1228 5086 auditorum
1288 5037 1608 5091 memoriam
1666 5036 1983 5108 formasque

409 5114 701 5173 libidinose
745 5120 930 5173 animo
973 5122 1209 5190 primum
1259 5123 1508 5189 immisit,
1540 5134 1766 5197 tumque
1815 5130 1977 5182 etiam

408 5204 475 5258 ad
504 5221 729 5260 carnem
761 5210 1112 5278 polluendam
1145 5214 1446 5269 miserabili
1480 5232 1575 5271 eos
1602 5218 1751 5272 exitu
1786 5218 1980 5286 praeci-

408 5292 621 5363 pitavit.
659 5294 793 5350 Cum
831 5298 997 5369 igitur
1028 5302 1109 5356 sic
1142 5303 1279 5357 varii
1320 5319 1385 5358 ac
1424 5305 1776 5375 nmltiplices,
1810 5323 1980 5378 quos-

404 5399 512 5453 que
536 5401 681 5457 :egre
705 5388 1109 5459 deprehendas,
1129 5394 1240 5447 sint
1263 5398 1551 5452 tentatoris
1572 5400 1838 5464 assultus,
1864 5414 1979 5453 ma-

406 5492 513 5544 gna
535 5494 753 5550 quoque
789 5482 950 5535 nobis
984 5498 1124 5553 opus
1154 5486 1262 5539 erit
1291 5489 1549 5544 cautione
1580 5504 1644 5543 ac
1672 5490 1976 5561 vigilantia,

408 5568 701 5638 animoque
735 5573 863 5628 boni
895 5590 1027 5628 cura
1059 5576 1267 5633 intento
1298 5600 1308 5633 :
1346 5588 1405 5634 ut
1429 5596 1495 5635 eo
1522 5583 1860 5647 illustrante,
1891 5583 1978 5637 his

409 5676 528 5728 qua:
572 5674 701 5721 sunt
742 5667 905 5735 mala,
943 5677 1002 5724 ut
1055 5670 1237 5736 bonis,
1271 5673 1652 5743 imprudentes
1697 5693 1806 5732 non
1852 5686 1975 5730 uta-

2097 3214 2238 3278 κόσι,
2270 3218 2365 3269 καὶ
2394 3218 2536 3272 οὕτω
2566 3221 2879 3291 φιληδόνους
2909 3229 3002 3280 καὶ
3022 3231 3287 3301 ἐμπαθεῖς
3308 3238 3442 3301 τοὺς
3474 3214 3697 3305 ἀθλίους

2096 3305 2398 3403 ἀπέδειξεν.
2436 3311 2662 3376 Ἀλλους
2692 3315 3079 3389 ἀνενοχλήτους
3124 3323 3313 3388 ἐάσας,
3342 3329 3445 3381 καὶ
3473 3331 3562 3401 τῷ
3606 3351 3696 3403 pr;

2094 3395 2206 3450 δενλ⁸
2233 3399 2341 3451 τῶν
2369 3399 2556 3455 παθῶν
2585 3404 2826 3470 ἀλωτοὺς
2853 3404 2991 3464 εἶναι
3015 3395 3582 3488 παρακρουσάμενος.
3607 3395 3696 3488 ἐίς

2095 3488 2472 3583 ύπερηφανίαν
2500 3495 2696 3565 ἐπῆρε,
2755 3500 2851 3551 καὶ
2895 3499 3037 3554 οὕτω
3083 3505 3281 3573 ῥᾳδίως
3320 3511 3692 3583 κατήνεγκεν.

2097 3580 2254 3675 ξΈστι
2278 3582 2335 3634 δὲ
2358 3582 2452 3646 οὓς
2482 3586 2689 3640 καὶτοῦ
2728 3589 2985 3661 πολεμεῖν
3022 3595 3421 3666 ἀποσχόμενος,
3453 3580 3565 3655 καί
3606 3607 3695 3675 μά-

2093 3670 2246 3726 λιστα
2289 3674 2414 3736 τοὺς
2470 3677 2606 3747 πρὸς
2640 3680 2766 3742 τοὺς
2821 3682 3151 3752 ἀσκητικοὺς
3187 3688 3411 3755 ἀγῶνας
3456 3670 3692 3764 ἕναγλλος

2091 3761 2766 3855 ἀποδυσαμένουςηάδεῶς
2806 3769 2951 3841 ἔχειν
2978 3773 3173 3838 αὐτοὺς
3215 3778 3307 3830 καὶ
3355 3761 3691 3855 ἀμερίμνως

2090 3855 2371 3925 ἠπάτησεν
2395 3874 2409 3889 ο
2438 3856 2499 3923 ἐξ
2534 3852 2707 3933 οὗπερ
2736 3862 2814 3927 είς
2860 3865 3133 3937 ῥαθυμίαν
3156 3869 3443 3939 ἐμϐαλὼν,
3474 3852 3583 3929 καὶ
3611 3881 3689 3932 πό-

2090 3964 2195 4001 νων
2217 3948 2489 4019 ἀμελῆσαι
2522 3957 2975 4025 παρασκευάσας,
3005 3959 3199 4031 ἀθρόον
3226 3962 3304 4025 ὡς
3327 3964 3690 4037 εὐχειρώτοις

2089 4040 2316 4095 ἐπέθετο
2345 4044 2439 4096 καὶ
2463 4044 2706 4112 ἀόπλοις,
2733 4049 2829 4102 καὶ
2849 4049 2993 4103 οὕτω
3015 4053 3224 4122 μυρίων
3250 4056 3419 4110 σάλον
3446 4060 3567 4113 τῶν
3602 4062 3685 4116 λο“

2088 4132 2304 4201 γισμῶν
2352 4132 2584 4189 διέσεισέ
2607 4154 2666 4190 τε
2697 4138 2791 4191 καὶ
2814 4142 3161 4213 συνετάραξε’
3193 4144 3467 4211 πολλάκις
3500 4152 3686 4220 μέντοι

2086 4221 2181 4274 καὶ
2241 4222 2320 4293 τῷ
2366 4224 2476 4277 τῶν
2513 4226 2700 4282 παθῶν
2744 4229 2891 4301 βυθῷ
2942 4234 3367 4292 κατεϐἀπτισεν.
3427 4241 3685 4311 Ἐτέροκ

2086 4309 2263 4377 αὖθις,
2326 4314 2548 4387 θαρρεῖν
2591 4320 2801 4384 ἑαυτοῖς
2851 4322 3155 4388 ἀνέπεισεν,
3208 4326 3285 4391 ὡς
3321 4328 3541 4402 μέτρου
3590 4336 3683 4404 ἤδη

2095 4404 2335 4474 μείζονος
2368 4409 2710 4480 ὲφικομένοις
2733 4430 2745 4444 ·
2780 4415 3128 4470 πιστεύεσθαί
3156 4435 3216 4470 τε
3241 4422 3340 4473 καὶ
3372 4424 3567 4480 ἄλλων
3603 4428 3685 4480 λου

2092 4500 2344 4568 γισμοὺς,
2375 4502 2470 4585 καὶ
2501 4503 2690 4557 παθῶν
2722 4508 2816 4559 καὶ
2853 4507 3104 4577 πολέμων
3145 4512 3552 4585 ἐξαγορεύσεις
3584 4521 3685 4571 ὑπ-

2090 4586 2281 4641 έϐαλεν
2309 4606 2323 4618 ο
2356 4584 2437 4653 οἷς
2466 4593 2634 4663 μήπω
2659 4595 2726 4647 τὰ
2767 4597 2941 4650 οἰκεῖα
2977 4599 3122 4671 πάθη
3172 4584 3358 4667 καλῶς
3408 4610 3686 4679 ἀπονιψα-

2092 4675 2295 4763 μένοις,
2359 4680 2573 4749 πρῶτον
2636 4684 2734 4752 μὲν
2798 4686 3131 4758 ὑπομνήσεις
3169 4692 3264 4745 καὶ
3307 4675 3686 4763 διατυπώσεις

2087 4766 2195 4818 τῶν
2246 4762 2321 4822 ὧν
2373 4772 2676 4840 ἀκηκόασιν
2712 4776 2974 4845 ἐμπαθῶς
3028 4780 3254 4849 ἐνῆκεν
3316 4786 3531 4843 ἔπειτα
3596 4794 3686 4844 καὶ

2088 4855 2225 4925 πρὸς
2264 4857 2574 4930 μολυσμοὺς
2615 4865 2816 4933 σαρκὸς
2869 4867 3069 4933 ἀθλίως
3117 4874 3493 4943 κατήνεγκεν.
3536 4882 3686 4934 Ἐπεὶ

2088 4943 2182 4999 οὖν
2201 4949 2254 5000 αί
2270 4948 2365 5001 τοῦ
2401 4952 2756 5022 πειράζοντος
2785 4958 3083 5029 προσϐολαὶ
3110 4963 3357 5017 ποικίλαι
3382 4966 3577 5033 οὕτως
3596 4970 3685 5023 καὶ

2087 5037 2385 5104 πολυειδεῖς
2410 5042 2505 5095 καὶ
2531 5043 2896 5117 δυσφώρατοι,
2927 5049 3128 5118 πολλῆς
3168 5055 3263 5106 καὶ
3315 5056 3462 5125 ἡμῖν
3503 5060 3683 5132 δεήσει

2083 5127 2186 5196 τῆς
2215 5129 2465 5200 φυλακῆς
2503 5135 2598 5187 καὶ
2650 5136 2884 5205 νήψεως.
2934 5140 3027 5192 καὶ
3060 5140 3157 5209 τῆς
3194 5143 3336 5212 πρὸς
3377 5147 3445 5200 τὸ
3476 5127 3683 5218 ἀγαθὸν

2087 5221 2387 5291 προσοχῆς·
2414 5223 2501 5276 ἴνα
2537 5226 2667 5297 παρ’
2709 5228 2874 5281 αὐτοῦ
2902 5231 3278 5302 φωτιζόμενοι,
3310 5236 3391 5308 μὴ
3422 5237 3681 5309 λάθωμεν

2082 5309 2161 5373 ὡς
2190 5311 2370 5365 καλῶν
2397 5314 2505 5367 τῶν
2536 5318 2787 5388 πονηρῶν
2816 5321 3088 5390 χρώμενοι
3111 5339 3124 5353 ”
3172 5325 3248 5394 μὴ
3291 5326 3355 5380 δὲ
3397 5332 3529 5394 τοῖς
3564 5333 3681 5402 βλι-

2081 5398 2262 5471 ϐεροῖς
2277 5403 2698 5474 περιπίπτοντες
2722 5408 2932 5479 ἀδήλως
2952 5429 2964 5441 ·
3006 5412 3139 5466 ἀλλά
3167 5398 3577 5492 γρηγορῶμεν
3598 5423 3681 5477 καὶ

2080 5493 2337 5564 νήφωμεν
2361 5500 2822 5566 περισκοποῦντες
2854 5503 3038 5568 πόθεν,
3093 5508 3186 5560 καὶ
3228 5511 3386 5576 πότε,
3421 5517 3533 5568 καὶ
3574 5518 3684 5577 πῶς

2078 5584 2179 5646 τὰς
2227 5588 2531 5654 προσϐολάς
2593 5592 2799 5657 ἐκεῖνος
2855 5600 3122 5650 ποιεῖται·
3167 5601 3265 5654 καὶ
3318 5605 3532 5674 μηδενὶ
3567 5609 3686 5678 μηδ’

2081 5677 2215 5742 ὅλως
2252 5679 2318 5731 δι’
2350 5681 2675 5749 ἀπροσεξίαν
2712 5690 3159 5759 προσπίπτωμεν,
