3762 6230
95 293 237 350 162!

1225 310 1318 365 Al)
1345 310 1664 368 NOMICUM
1697 309 2192 366 TENTATOREM.

3218 307 3356 362 16ἒὲ

90 427 263 479 ιιιιιι·;
297 429 393 467 nec
429 414 482 467 in
515 416 701 480 noxia,
728 421 889 473 caecis
932 422 1101 476 animi
1145 424 1423 488 sensibus,
1456 426 1768 481 incidamus
1796 447 1808 479 :
1840 427 1935 482 sed
1961 426 2252 496 vigilemus
2274 438 2340 479 ac
2410 422 2581 479 sobrii
2648 424 2843 488 simus,
2911 421 3105 479 sedulo
3172 421 3358 474 conisi-

87 504 359 561 derantes
385 508 551 575 unde,
581 514 803 579 quando
834 524 889 568 et
922 518 1200 585 quomodo
1230 520 1320 575 ille
1346 520 1628 577 adoriatur
1657 542 1669 576 :
1715 523 1880 593 inque
1920 523 2074 577 nullo
2116 534 2369 591 prorsus,
2433 536 2529 591 per
2558 520 2864 590 praesentia:
2914 518 3081 572 animi
3153 518 3357 571 absen-

88 596 230 650 tiam
270 614 335 654 ac
366 602 678 656 socordiam
712 604 1073 664 oll‘endamus.

90 806 3349 851 Ἢ

598 1003 1083 1098 ARSENII
1158 1009 1651 1101 ABBATIS
1733 1010 2842 1104 APOPHTHEGMATA.

882 1349 1011 1405 Vide
1037 1351 1256 1421 hujusce
1283 1352 1609 1425 Palrolagiw
1631 1356 1829 1411 (ἐνίει-αξ
1869 1364 1995 1410 tom.
2033 1352 2194 1418 LXV,
2226 1355 2328 1407 col.
2356 1353 2425 1408 87
2470 1370 2579 1422 sqq.

98 1531 3330 1577 Μ

913 1727 1663 1844 ΑΡΣΕΝΙΟΥ
1768 1727 2548 1847 ΜΟΝΑΧΟΥ

781 1978 954 2065 ΕΙΣ
1070 1979 1289 2063 ΤΟΝ

1408 1976 2037 2065 ΠΕΙΡΑΣΤΗΝ
2122 1980 2694 2071 NOMIKON.‘

1054 2342 1635 2460 ARSENII
1751 2344 2406 2464 MONACHI

662 2577 829 2667 AD
978 2578 1654 2672 NOMICUM

1782 2583 2789 2678 TENTATOREM.

877 2771 1019 2843 Aug.
1055 2770 1160 2827 Mai
1190 2770 1420 2827 Classici
1447 2783 1713 2840 auctores,
1748 2782 1786 2830 t.
1831 2775 1898 2842 Χ,
1932 2792 1987 2846 p.
2031 2777 2160 2833 555.
2212 2776 2399 2833 Roma:
2422 2778 2580 2835 1838.

170 3079 276 3133 Ἴδε
302 3078 499 3150 βρόχον
525 3079 646 3133 ἀντὶ
674 3079 890 3151 βρόχου,
921 3076 966 3135 ὦ
989 3083 1201 3153 νομικὲν
1222 3084 1428 3152 παγίδα
1460 3085 1575 3139 ἀνθ’
1600 3080 1655 3157 ἧς

1863 3085 1915 3140 in
1949 3086 2203 3156 laqueum
2238 3101 2336 3156 pro
2365 3086 2584 3156 laqueo,
2619 3088 2855 3150 nomiee,
2887 3095 2941 3142 et
2970 3090 3217 3158 pedicam
3253 3106 3348 3160 pe~

101 3172 332 3243 ἔστησας
358 3172 588 3240 παγίδος
607 3191 619 3203 ·
646 3172 723 3225 ίδε
742 3174 859 3235 πῶς
883 3175 1254 3245 ἐμπέπτωκας
1283 3178 1363 3240 είς
1390 3177 1449 3229 ὃν
1463 3177 1681 3248 ὥρυξας

102 3261 294 3332 βόθρον
326 3263 468 3315 κατά
488 3263 726 3334 Χριστοῦ
749 3278 767 3296 ⁶
790 3265 909 3318 ὅθεν
927 3266 955 3317 ὁ
983 3267 1075 3331 σός
1103 3284 1162 3319 σε
1196 3267 1356 3338 νόμος
1394 3270 1517 3322 ἀντὶ
1546 3271 1683 3340 Χρι-

105 3353 230 3405 στοῦ
257 3353 607 3424 ὲξελεγχέτω,
652 3355 884 3426 πότερον
930 3358 1006 3421 ὡς
1040 3359 1181 3429 Θεῷ,
1215 3361 1249 3430 ἢ
1291 3359 1367 3423 ὡς
1414 3360 1557 3439 ipth
1586 3363 1682 3414 ἀν-

104 3443 306 3516 Θρώπῳ
347 3446 419 3500 τὰ
451 3447 552 3515 τῆς
596 3446 791 3517 πείρας
833 3449 1163 3520 ὲφήπλωσας
1204 3450 1418 3520 ἄθεσμα
1455 3451 1681 3516 δίκτυα;

103 3538 155 3589 εί
177 3538 277 3608 μὲν
301 3538 361 3591 τὸ
391 3538 628 3608 πρῶτον,
657 3541 1060 3610 μεματαίωσαιο
1093 3541 1224 3604 Θεὸς
1241 3541 1350 3613 γὰρ
1371 3542 1684 3611 πειραστῶν

105 3628 338 3694 δικτύοις
366 3630 617 3701 οὐδαμῶς
653 3630 946 3702 ζωγρεῖται
965 3649 980 3663 ο
1024 3633 1224 3702 μᾶλλον
1252 3634 1310 3687 δὲ
1342 3635 1438 3688 καὶ
1463 3636 1684 3705 ἀγαπᾷν

108 3720 341 3789 ὀφείλεις
364 3719 428 3786 ἐξ
447 3722 576 3792 ὅλης
603 3722 863 3788 διανοίας,
904 3725 999 3777 καὶ
1023 3725 1225 3795 ψυχῆς,
1257 3728 1352 3779 καὶ
1392 3727 1573 3798 ἰσχύος
1592 3744 1605 3758 ·
1634 3728 1685 3780 εί

108 3810 166 3864 δὲ
189 3813 251 3864 τὸ
272 3812 551 3884 δεύτερον,
595 3815 623 3867 ό
670 3814 746 3878 ὡς
786 3815 1009 3868 σεαυτὸν
1045 3817 1136 3869 τὸν
1176 3816 1403 3887 πλησίον
1443 3820 1683 3888 ἀγαπᾷν,

112 3904 259 3974 παρὰ
282 3905 377 3958 τοῦ
412 3905 578 3975 νόμου
632 3905 1041 3976 δεδιδαγμένος,
1101 3907 1352 3978 οὐδαμῶς
1399 3909 1687 3980 πειράζειν

110 3992 315 4059 δίκαιος
334 3994 404 4051 ἂν
430 3996 573 4065 είης·
623 3994 747 4049 οὕτε
790 3997 897 4069 γὰρ
948 3996 1014 4050 ἂν
1059 3999 1335 4069 πειράσειέ
1359 4017 1443 4063 τις
1472 4001 1684 4065 ἑαυτὸν,

112 4083 235 4137 οὕτε
262 4089 319 4140 ὲν
362 4088 509 4157 λόγῳ
554 4087 916 4155 παγιδεῦσαι,
962 4089 1056 4143 καὶ
1099 4090 1312 4161 θανάτῳ
1353 4092 1687 4162 παραδοῦναι

114 4176 384 4251 ζητήσειε.
425 4182 547 4245 Πῶς
571 4178 664 4235 οὖν
693 4182 917 4235 σεαυτὸν
937 4182 1027 4235 διὰ
1048 4183 1155 4236 τῶν
1176 4184 1318 4237 κατά
1344 4184 1438 4238 τοῦ
1462 4184 1687 4255 πλησίον

118 4268 322 4338 βρόχων
373 4271 726 4337 καταπνίγων
771 4270 872 4323 οὐκ
921 4271 1181 4341 αίσΟάνῃ;
1223 4272 1330 4325 οὐδ’
1362 4273 1561 4334 ἐννοεῖς
1606 4274 1687 4326 ὃτι

119 4361 227 4421 τοῖς
261 4361 520 4431 πονηροῖς
546 4362 783 4429 γείτοσιν
808 4361 1212 4415 ἑπταπλασίονα
1246 4362 1324 4423 είς
1364 4362 1456 4415 τὸν
1490 4362 1689 4416 κόλπον

1783 3178 1920 3232 (Πρω
1941 3181 2273 3248 oppositam.
2294 3177 2531 3234 Videsne
2562 3186 2615 3234 te
2643 3179 2696 3232 in
2731 3180 2881 3233 illam
2912 3181 3083 3249 ipsam
3120 3181 3353 3243 foveam,

1782 3284 1945 3338 quam
1975 3269 2196 3323 Christo
2236 3268 2503 3333 fodieras,
2532 3268 2815 3338 delapsum
2857 3273 3019 3325 esse?
3048 3270 3230 3335 Quare
3271 3271 3358 3324 lex

1783 3368 1876 3412 tua
1918 3360 2124 3414 Christi
2158 3361 2279 3413 lm-o
2306 3362 2358 3414 in
2386 3371 2439 3415 le
2474 3361 2737 3429 inquirat,
2774 3370 2835 3413 ut
2877 3362 3141 3426 sciamus,
3172 3369 3356 3414 utrum

1785 3457 1845 3503 ut
1889 3449 1998 3503 Deo
2039 3466 2107 3504 an
2156 3465 2308 3504 mero
2359 3451 2565 3505 homini
2624 3452 2859 3519 perlidas
2902 3452 3024 3504 illas
3081 3452 3354 3506 struxeris

1785 3537 2039 3593 insidias.
2071 3536 2126 3591 Si
2160 3548 2217 3591 ut
2252 3537 2380 3600 Deo,
2412 3554 2545 3594 sane
2576 3541 2876 3595 frustratus
2905 3555 3001 3602 es;
3040 3539 3183 3595 Deus
3206 3543 3353 3594 enim

1786 3627 2163 3682 insidiantium
2215 3628 2358 3684 dolis
2400 3628 2790 3684 circumveniri
2846 3630 3068 3699 nequit;
3120 3647 3282 3699 quem
3325 3646 3357 3683 a

1786 3716 2000 3773 fortiori
2033 3733 2099 3772 ex
2130 3727 2243 3771 tota
2289 3729 2494 3783 mente,
2537 3735 2601 3773 ex
2642 3729 2756 3773 toto
2791 3719 2995 3783 animo,
3042 3721 3174 3775 totis
3230 3722 3361 3774 viri-

1785 3809 1889 3864 bus
1930 3809 2158 3879 diligere
2199 3810 2367 3865 debes
2397 3828 2409 3864 :
2438 3811 2484 3864 si
2519 3820 2578 3863 ut
2607 3826 2757 3864 mero
2797 3811 3027 3875 homini,
3054 3822 3362 3866 tentameu-

1788 3908 1901 3954 tum
1938 3900 1990 3954 id
2029 3914 2135 3953 non
2169 3900 2352 3955 minus
2394 3901 2659 3971 injustum
2704 3902 2829 3966 erit,
2856 3903 3126 3973 siquidem
3176 3905 3361 3974 proxi—

1788 4007 1934 4045 mum
1986 3996 2131 4047 sicut
2173 4000 2225 4047 te
2271 3993 2450 4061 ipsum
2503 4008 2689 4047 amare
2732 3995 2816 4048 lex
2846 3994 3021 4063 jubet.
3069 3994 3133 4049 Et
3174 4011 3359 4050 revera

1786 4084 1913 4155 quis
1967 4082 2186 4138 tandem
2233 4085 2477 4153 seipsum
2537 4093 2753 4139 tentare
2808 4084 3015 4141 dolosis
3068 4087 3359 4141 verborum

1788 4176 2113 4246 ambagibus
2166 4176 2436 4241 voluerit,
2471 4186 2531 4231 ut
2581 4178 2931 4246 postmodum
2980 4177 3140 4233 morti
3189 4188 3362 4233 semet

1790 4268 2007 4323 tradat?
2040 4272 2237 4322 Annon
2265 4269 2417 4322 vides
2440 4276 2513 4331 te,
2539 4268 2666 4322 dum
2691 4269 2941 4335 proximo
2977 4277 3072 4323 tuo
3103 4270 3358 4337 laqueum

1790 4361 1987 4423 nectis,
2020 4360 2210 4415 eodem
2260 4361 2531 4431 supplicio
2567 4360 3020 4430 circumstringi‘l
3048 4359 3247 4416 Nonne
3276 4362 3360 4413 vi—

119 4447 186 4500 τὰ
205 4449 350 4505 δεινά
387 4430 755 4518 ἀποδίδοταη
800 4452 960 4507 Ἀλλά
1017 4453 1250 4524 Χριστος
1286 4457 1354 4524 τῇ
1387 4454 1564 4524 οἰκείᾳ
1596 4473 1604 4525 ι

1878 4469 1888 4507 ι
1933 4452 2146 4506 vicinos
2178 4452 2457 4506 maleﬁcos
2498 4452 2905 4522 septemplicem
2952 4451 3208 4506 maleﬁcii
3250 4468 3363 4521 pm-

120 4540 392 4615 κροουμίᾳ
424 4545 518 4597 καὶ¹
561 4545 881 4614 ἀνεξικακίᾳ
926 4542 1243 4616 χρώμενος,
1284 4544 1461 4616 ὀρθῶς
1498 4546 1597 4615 μὲν
1628 4546 1690 4598 οὐ

122 4633 400 4701 πράττειν,
448 4636 571 4689 οὐδὲ
612 4636 961 4697 διανοεῖσθαι,
1003 4636 1179 4706 ὀρθῶς
1222 4636 1278 4688 δὲ
1318 4636 1689 4706 ἀποκριθῆναί

124 4737 306 4789 φησιν,
339 4723 470 4789 ἴσως
503 4726 606 4780 κᾶν
654 4728 779 4790 τοὺς
832 4729 1032 4797 ἑαυτῆς
1081 4727 1273 4797 λόγους
1310 4728 1693 4798 ἐπαισχυνθεὶς

124 4812 443 4883 παλινῳδίαν
482 4816 591 4870 ἀπὸ
611 4818 710 4886 τῆς
751 4820 810 4871 ὲν
852 4818 1029 4890 πλάνῃ
1066 4819 1426 4890 ματαιότητος
1472 4818 1688 4890 ᾄσειενο

128 4900 332 4968 «Οὕτω,
363 4909 516 4978 φησὶ,
550 4907 713 4971 ποίει,
748 4910 841 4961 καὶ
862 4910 1001 4979 ζήσῃ
1031 4927 1044 4940 ’
1068 4930 1086 4961 ι
1127 4909 1268 4963 οὕτω
1288 4910 1464 4963 πάντα
1495 4909 1587 4961 τὸν
1634 4910 1692 4962 ὲν

125 4992 370 5063 κινδύνῳ,
398 4998 489 5049 τὸν
519 4999 575 5050 ὲν
612 5000 845 5070 ἀνάγκῃ,
879 5000 970 5052 τὸν
1016 5002 1074 5052 ὲν
1100 5000 1417 5069 περιστάσει
1462 4998 1691 5053 σεαυτοῦ

124 5081 348 5153 πλησίον
376 5088 489 5159 ἔχε.
533 5090 591 5142 ’0
622 5091 678 5143 δὲ
710 5092 845 5160 μήτε
873 5091 934 5155 ἐξ
962 5092 1130 5161 αὐτῆς
1165 5092 1265 5159 τῆς
1296 5093 1355 5144 ὲν
1379 5091 1527 5162 νόμῳ
1552 5093 1693 5144 ὲντο-

124 5173 241 5244 λῆς.
283 5180 418 5249 μήτε
464 5184 529 5234 ὲκ
559 5182 660 5250 τῆς
701 5181 795 5236 τοῦ
834 5184 1085 5251 Σωτῆρος
1115 5181 1432 5252 προτροπῆς
1474 5180 1691 5251 ὠφελη-

127 5261 268 5330 Θεὶς,
311 5271 447 5341 μηδὲ
478 5272 583 5325 ὑπὸ
627 5273 719 5325 τοῦ
753 5272 951 5325 οἰκείου
983 5273 1282 5335 συνειδότος
1315 5271 1691 5342 ἀπελεγχϐεὶς,

123 5350 212 5408 οἷα
236 5357 294 5411 δέ
330 5377 413 5425 τις
445 5361 567 5430 ὄφις
611 5364 845 5433 πονηρὸς
877 5367 1048 5436 μικρᾷ
1086 5368 1151 5435 τῇ
1182 5364 1271 5417 διὰ
1300 5364 1465 5430 νόμου
1509 5363 1692 5433 πληγῇ

128 5448 224 5517 τὴν
252 5450 726 5524 κάρανάλγήσας,
758 5455 857 5523 τὴν
886 5456 1090 5509 ἰοϐόλον
1117 5455 1365 5523 γλῶτταν
1400 5457 1558 5517 κινεῖ,
1600 5454 1695 5506 καὶ

128 5537 635 5616 τὴνὋανατηφόρον
680 5545 859 5597 πᾶσαν
900 5545 981 5607 είς
1030 5544 1337 5615 τούμφανὲς
1391 5544 1696 5613 ἀπογυμνοί

131 5627 345 5682 κακίαν.
374 5632 553 5687 Θέλων
574 5633 702 5704 γὰρ,
727 5633 881 5704 φησι,
910 5633 1153 5687 δικαιοῦν
1180 5632 1388 5698 ἑαυτὸν,
1417 5636 1695 5687 τουτέστιν

131 5714 321 5773 ἑαυτὸν
358 5722 497 5795 ὑπὲρ
533 5727 775 5789 ἅπαντας
819 5724 1055 5796 νομίζων
1091 5725 1318 5793 δίκαιον,
1363 5724 1457 5779 καὶ
1490 5724 1697 5797 μηδένα

1792 4558 1920 4597 nam
1960 4543 2124 4598 dare?
2151 4542 2388 4597 Eeontra
2429 4542 2682 4597 Christus
2722 4556 2821 4612 pro
2851 4558 2914 4597 ea
2939 4558 3048 4612 qua
3082 4552 3166 4597 est
3193 4543 3363 4596 animi

1798 4635 2221 4689 mansuetudine
2251 4649 2316 4687 ac
2350 4635 2633 4703 patientia,
2681 4634 2889 4690 omissa
2942 4635 3081 4690 bene
3129 4635 3363 4689 faciendi

1792 4725 2182 4795 cogitandique
2234 4726 2588 4788 necessitate,
2624 4725 2899 4780 sermonis
2945 4727 3364 4795 congruentiam

1792 4813 2173 4879 commendat,
2203 4822 2407 4866 metum
2457 4812 2745 4868 eximendo
2776 4828 2845 4867 ne
2880 4812 3178 4882 aliquando
3212 4812 3364 4867 falsi-

1795 4903 1963 4973 loquii
2022 4904 2468 4958 retractationem
2525 4904 2957 4973 experiamurzr
2989 4903 3118 4968 Sic,
3166 4905 3364 4973 inquit,

1795 4994 1983 5060 facito,
2013 5003 2067 5051 et
2094 4996 2262 5050 vives.
2292 5015 2311 5047 ι
2351 4994 2445 5049 Sic
2471 5005 2526 5049 tu
2565 5011 2783 5050 omnem
2817 4997 3016 5052 habeto
3057 4999 3363 5066 proximum

1797 5088 1851 5142 in
1915 5088 2193 5157 periculis,
2242 5087 2295 5141 in
2343 5088 2795 5151 necessitatibus,
2839 5089 2893 5141 in
2945 5089 3366 5158 quibuscunque

1796 5176 1962 5231 rebus
1994 5176 2377 5229 constitutum.
2405 5174 2506 5240 Qui
2543 5185 2721 5228 autem
2753 5190 2929 5244 neque
2949 5193 3017 5231 ex
3047 5179 3180 5246 legis
3207 5195 3363 5232 man-

1795 5266 1967 5332 datis,
2008 5282 2184 5335 neque
2206 5281 2270 5319 ex
2307 5266 2610 5320 Salvatoris
2650 5267 2822 5335 ipsius
2853 5270 3163 5337 praceptis,
3190 5286 3366 5339 neque

1796 5359 1866 5412 ab
1910 5359 2027 5427 ipsa
2059 5358 2399 5411 conscientia
2434 5358 2756 5427 rcdargntus
2798 5361 3093 5431 resipiscit,
3127 5362 3194 5427 is,
3222 5364 3367 5416 sicut

1797 5464 2025 5518 serpens
2058 5463 2389 5509 venenosus,
2422 5450 2550 5502 dum
2578 5457 2745 5518 caput
2774 5450 2894 5519 ejus
2936 5451 3071 5520 legis
3115 5452 3369 5519 plectitur

1797 5540 2138 5603 verberibus,
2183 5541 2423 5608 linguam
2469 5549 2650 5593 movet
2701 5549 3022 5595 venenatam
3058 5549 3111 5593 et
3150 5555 3368 5595 omnem

1798 5630 2063 5684 malitiam
2098 5632 2291 5685 mortis
2317 5630 2635 5701 genitricem
2668 5631 2732 5689 in.
2754 5632 2931 5685 lucem
2960 5629 3161 5698 prodit.
3197 5629 3361 5683 Nam-

1797 5738 1905 5795 que
1948 5723 2191 5795 seipsum
2236 5724 2357 5777 vult-
2394 5723 2718 5793 justilicarc,
2755 5738 2815 5780 se
2838 5722 3102 5780 omnibus
3148 5721 3366 5778 ceteri:
