3762 6230
452 258 474 311 1
486 259 588 314 623

447 465 654 524 credat,
678 473 733 516 ut
765 465 950 519 eadem
981 475 1160 522 motus
1191 471 1447 540 superbia
1473 491 1485 525 :
1519 490 1538 522 ι
1565 473 1700 539 Quis
1733 479 1816 528 est
1839 478 2023 544 proxi-

447 567 569 606 mus
591 555 785 607 mens?
807 573 824 604 ι
861 563 1032 624 roget.
1060 559 1128 610 At
1153 574 1334 613 nonne
1351 569 1436 615 est
1456 562 1559 616 tibi
1583 571 1754 632 pater,
1779 581 1813 618 ο
1836 567 2017 629 Ιιοιιιο,

444 657 627 695 nonne
672 652 865 706 mater,
923 648 1122 710 lrater,
1163 651 1412 714 amicus,
1448 666 1738 722 cognatus,
1780 658 2015 721 vicinus,

441 732 638 794 afﬁnis,
677 749 837 789 nemo
869 738 1104 808 denique
1139 740 1192 794 in
1228 750 1340 796 tota
1385 745 1608 800 civitate
1653 749 1730 800 tui
1777 750 2020 804 similis?

440 818 584 877 Proh
609 824 622 876 l
651 823 954 882 fatuitatem
977 844 1128 884 vanae
1149 833 1348 888 mentis
1375 831 1750 892 iudieatricem
1778 839 2016 895 hominis

438 912 533 982 qui
587 912 837 971 humana:
869 932 929 973 se
968 928 1179 976 naturae
1213 924 1560 994 superiorem
1593 929 1811 996 ,credit!
1843 933 2014 997 Quem

437 1019 562 1059 cum
601 1006 854 1063 Salvator
885 1010 966 1066 sic
1011 1013 1212 1069 stolide
1250 1017 1654 1087 superbientem
1699 1023 1928 1086 videret,
1959 1026 2011 1077 in

437 1104 674 1151 mentem
721 1099 841 1167 ejus
876 1101 1087 1157 inducit
1146 1105 1287 1161 alios
1343 1109 1436 1178 qui
1479 1118 1700 1178 natura,
1736 1115 1872 1169 alios
1918 1118 2010 1185 qui

436 1184 716 1244 voluntate
751 1190 802 1243 ei
837 1193 1130 1264 propinqui
1185 1207 1348 1261 sunt,
1398 1201 1650 1258 addendo
1692 1219 1755 1257 ea
1792 1221 1913 1274 qua:
1943 1184 2009 1261 in

434 1281 695 1347 parabola
758 1281 813 1337 in
873 1299 986 1338 rem
1045 1299 1564 1347 connnemorantur.
1621 1294 1889 1350 Adamum
1951 1308 2011 1352 ut

432 1383 782 1428 communem
830 1378 1072 1432 omnium
1119 1395 1383 1450 proavum
1433 1384 1486 1438 in
1540 1387 1776 1441 medimn
1831 1389 2006 1454 aiiert,

431 1462 636 1533 quippe
683 1480 750 1520 ex
785 1483 894 1536 quo
942 1485 1137 1526 onmes
1191 1473 1389 1531 fratres
1423 1485 1475 1530 et
1525 1481 1763 1548 proximi
1813 1483 1925 1537 sint
1956 1493 2010 1539 et

432 1551 662 1610 habendi
692 1566 746 1612 et
787 1561 1141 1628 nominandi;
1176 1565 1300 1620 dein
1335 1567 1534 1624 fratres
1575 1578 1628 1626 et
1674 1575 2008 1644 propinquos

430 1659 526 1700 eos
548 1657 828 1717 nuncupat
859 1653 950 1720 qui
975 1664 1165 1708 mutuo
1196 1672 1259 1709 ac
1290 1657 1608 1713 voluntario
1637 1635 1912 1717 beneficen

2272 1675 2414 1730 κατὰ
2448 1676 2766 1748 προαίρεσιν
2801 1676 3062 1747 ἀλλήλους
3089 1678 3438 1746 εὐεργετεῖν,
3493 1681 3588 1732 καὶ
3615 1680 3682 1730 ὑπ’

430 1736 652 1792 vinculo
677 1737 1006 1810 junguntur,
1027 1760 1202 1814 eoque
1233 1747 1406 1818 magis
1441 1749 1588 1818 quod
1631 1767 1739 1805 non
1782 1764 1913 1808 natu

2248 1768 2355 1820 λων
2389 1736 2789 1838 εὐεργετεῖσθαι
2815 1736 3113 1832 ἐθέλοντας,
3144 1736 3422 1836 ἀδελφοὺς
3447 1771 3548 1823 καὶ
3575 1770 3683 1837 πλήν
3729 1736 3731 1792 !

2111 1858 2223 1910 σίον
2254 1857 2529 1910 καλέσειεν
2553 1876 2566 1888 ·
2589 1859 2639 1910 οἳ
2671 1858 2873 1912 καὶτοῦ
2897 1858 3120 1927 πλησίον
3150 1859 3254 1911 εἰσὶ
3283 1859 3677 1930 πλησιαίτεροι.

429 1829 527 1881 sed
563 1827 730 1884 libera
777 1832 1056 1890 voluntate
1104 1839 1422 1894 societatem
1459 1842 1602 1897 inter
1639 1859 1699 1900 se
1746 1846 2004 1902 inierunt.

433 1937 451 1966 ι
481 1917 654 1974 Homo
703 1921 1006 1979 descendit.
1032 1946 1050 1978 ι
1089 1924 1255 1985 Vides
1303 1934 1641 2000 parabolam,
1685 1946 1741 1990 et
1785 1954 1910 1992 cum
1944 1955 2005 1996 ea

426 2010 706 2067 Christum
755 2017 847 2085 qui
903 2017 1199 2088 iegispcriti
1253 2024 1494 2079 animum
1528 2028 1593 2080 ad
1645 2031 1864 2086 saniora
1918 2050 2006 2088 re-

423 2100 614 2170 ducit;
673 2106 826 2163 vides
887 2109 1165 2166 Christum
1218 2130 1285 2169 ex
1328 2116 1538 2172 Adamo
1593 2124 2003 2194 procedentem,

423 2207 637 2264 nosque
691 2213 884 2255 omnes
942 2203 1262 2261 edocentem
1318 2210 1484 2276 quod,
1533 2211 1578 2266 si
1624 2213 1691 2267 de
1739 2216 2003 2272 virtutum

422 2281 641 2356 fastigio
676 2289 746 2344 ad
783 2291 1041 2349 vitiorum
1089 2298 1344 2369 abyssum
1379 2301 1711 2367 delabimur,
1738 2313 1766 2359 a
1799 2303 2006 2365 dolosis

420 2373 760 2447 decipiemur
807 2385 1179 2454 pradonibus,
1232 2403 1285 2446 et
1340 2393 1445 2449 nisi
1499 2400 1831 2465 quantocius
1879 2403 2003 2457 inde

419 2483 801 2541 emergamus,
845 2481 1005 2534 morti
1057 2483 1225 2537 animi
1284 2494 1504 2542 aeterna.-
1556 2491 1857 2547 trademur.
1909 2493 2002 2550 Sic

418 2555 589 2629 igitur
648 2565 942 2637 ieglsperiti
998 2587 1189 2630 mores
1249 2579 1628 2646 corriguntur,
1686 2585 1801 2653 ipse
1853 2587 1999 2641 enim

416 2655 721 2710 secundum
769 2669 1098 2727 praeceptum
1144 2684 1162 2715 ι
1191 2665 1363 2737 Dilige
1397 2673 1707 2739 proximum
1759 2684 1943 2743 tuum,
1975 2699 1994 2732 ι

1397 266 1455 320 S.
1490 261 1787 333 ARSENII,
1819 269 1909 323 AD
1948 269 2259 329 NOMICL‘M
2290 274 2758 330 TENTATOREM

444 371 735 442 jnstiorcm
789 384 1103 442 autumans,
1151 385 1360 433 tantum
1404 379 1558 436 abest
1603 389 1664 436 ut
1703 384 1794 454 qui
1837 400 1929 454 par

2226 390 2396 461 ἰαμῶς
2418 389 2594 460 ἑαυτῷ
2613 390 2746 455 ἴσον,
2776 387 2808 461 ἢ
2834 391 2930 443 καὶ
2958 391 3182 462 πλησίον
3205 391 3382 444 αὐτοῦ
3409 395 3711 463 τυγχάνειν·

3599 283 3687 336 "xii

2132 482 2194 533 Ὢ
2223 477 2400 551 δεινῆς
2422 481 2795 552 ὑπερηφανίας
2831 481 2844 532 i
2888 481 3023 533 tKai.
3048 481 3131 542 τίς
3159 481 3260 552 μού
3288 485 3420 535 ἐστι
3443 484 3684 553 πλησίςω

2127 575 2288 643 φησίς
2316 577 2422 627 Καὶ
2455 576 2572 644 μεθ’
2605 575 2788 646 ἔτερα·
2820 570 2966 642 *Δρα
2993 577 3054 628 οὐ
3087 581 3268 646 πατήρ
3290 577 3383 630 σοί
3421 579 3602 644 ἐστιν,
3632 581 3686 633 ἑ.»

2125 662 2332 732 θρωπε,
2383 665 2443 716 ού
2493 666 2693 735 μήτηρ,
2734 666 2833 717 οὐκ
2865 665 3110 733 ἁδελφὸς,
3153 667 3214 718 οὐ
3247 667 3419 735 φίλος
3441 706 3458 728 ,
3492 669 3562 720 οὐ
3595 685 3686 735 σιτ-

2123 754 2306 824 γενὴς,
2336 756 2399 807 οὐ
2437 755 2650 822 γείτων,
2685 757 2786 810 οὐκ
2813 757 3168 826 ἀγχιστεύων,
3215 758 3344 812 οὐδὲ
3395 775 3493 822 τις
3519 759 3627 813 τῶν

2121 847 2187 915 τῇ
2217 846 2368 900 πόλει
2397 847 2616 918 ἓτεροςς
2650 847 2754 900 Φεῦ
2808 848 2907 917 τῆς
2953 850 3180 919 οἰήσεως
3223 850 3320 902 καὶ
3361 851 3476 919 τῆς
3529 851 3686 912 ἀλαζο-

2121 938 2296 1000 νείαςε
2359 938 2533 1002 οὕτως
2603 940 2794 994 ἐαυτὸν
2853 941 3151 1012 ὑπέρτερον
3195 941 3296 1010 τῆς
3352 941 3685 1012 ἀνθρωπίνης

2120 1029 2336 1099 ἡγεῖται
2377 1031 2610 1100 φύσεως.
2643 1031 2732 1086 Διὺ
2767 1033 2859 1087 καὶ
2894 1035 2922 1086 ὁ
2950 1033 3138 1104 Σωτὴρ
3171 1033 3348 1097 οὕτως
3386 1035 3525 1088 ἰδὼν

2118 1123 2391 1182 ταίνοντα,
2427 1129 2519 1177 καὶ
2564 1125 2672 1177 τῶν
2709 1127 2765 1179 ἐν
2815 1126 2972 1196 φύσει
3016 1126 3444 1197 ὑπομιμνήσκει
3481 1128 3684 1198 πλησιαι

2120 1214 2339 1277 ζόντων,
2378 1219 2473 1268 καὶ
2513 1217 2621 1270 τῶν
2656 1219 2712 1270 ἐν
2743 1219 3078 1289 προαιρέσει,
3111 1221 3204 1274 καὶ
3248 1220 3363 1273 τῶν
3395 1221 3586 1274 ἄλλων
3609 1223 3684 1272 τὲν

2117 1303 2174 1357 ὲν
2207 1308 2273 1376 τῇ
2321 1309 2603 1379 παραϐολῇ
2657 1311 3136 1382 δηλωθησομένων,
3196 1313 3288 1365 ἵνα
3332 1315 3569 1384 πατέρα

2117 1400 2294 1450 κοινὸν
2337 1401 2426 1451 τὸν
2457 1402 2781 1474 προπάτορα
2826 1403 2982 1473 ἡμῶν
3029 1405 3197 1475 Ἀδὰμ
3243 1406 3496 1476 ἐπιγνῷ,
3552 1407 3609 1470 ἐξ
3641 1399 3682 1458 οὗ

2117 1495 2319 1555 πάντες
2347 1491 2622 1564 ἅνθρωποι
2660 1495 2906 1563 ἀλλήλων
2936 1489 3169 1564 ἀδελφοὶ,
3201 1497 3300 1548 καὶ
3329 1497 3598 1568 πλησίον,
3621 1498 3682 1549 δά
3727 1549 3730 1562 ,

2113 1585 2211 1654 τὴν
2253 1586 2310 1636 ἐν
2351 1585 2543 1655 ἐκείνῳ
2575 1586 2876 1648 κοινωνίαν,
2905 1586 3179 1640 καλεῖσθαι
3223 1587 3372 1650 ἄξιοι
3397 1603 3413 1616 ·
3462 1586 3585 1642 εἶτα
3614 1591 3682 1641 καὶ

2108 1949 2340 2020 ἐπείπερ
2377 1951 2436 2002 ού
2481 1950 2642 2018 φύσει
2691 1952 2870 2020 μόνον,
2922 1947 3059 2003 ἀλλὰ
3094 1951 3185 2002 καὶ
3236 1954 3583 2021 προαιρέσει
3612 1952 3678 2004 τον

2107 2040 2243 2110 πρὸς
2276 2040 2538 2111 ἀλλήλους
2581 2040 2763 2110 ἔχουσι
2789 2042 3149 2112 πλησιασμόν.
3185 2060 3203 2092 ι
3238 2042 3582 2113 Ἄνθρωπός
3615 2060 3678 2103 :2;

2107 2131 2445 2184 κατέϐαινεν.
2481 2151 2498 2184 ι
2535 2132 2674 2202 Ὅρα
2704 2133 3039 2204 παραδολὴν,
3076 2134 3169 2186 καὶ
3195 2133 3297 2204 τὴν
3339 2134 3446 2186 τοῦ
3476 2133 3677 2204 νομικοί

2105 2223 2449 2296 ἐσφαλμένην
2474 2224 2710 2278 διάνοιαν
2735 2224 3141 2296 διορθουμένην,
3166 2226 3263 2278 καὶ
3296 2225 3404 2295 τὴν
3429 2226 3495 2292 ἐξ
3535 2227 3678 2294 Ἀδὰμ
3729 2243 3732 2296 ξ

2104 2313 2218 2375 ἕως,
2248 2311 2484 2384 Χριστοῦ
2517 2315 2850 2368 κατάστασιν
2884 2313 3373 2382 ὑπαινιττομένην,
3413 2316 3517 2367 καὶ
3545 2317 3675 2385 ήμῶν

2104 2401 2333 2455 ἕκαστον
2358 2402 2734 2466 διδάσκουσαν,
2765 2404 2913 2466 ὅπως
2953 2403 3081 2456 ὅταν
3113 2401 3172 2467 ἐξ
3205 2402 3385 2472 ὕψους
3417 2406 3675 2464 πολιτείας

2103 2493 2361 2566 ἐναρέτου
2390 2497 2466 2558 εἰς
2503 2494 2665 2566 βάθος
2705 2495 2943 2564 ἀνομιῶν
2973 2495 3197 2558 ἑαυτοὺς
3229 2497 3674 2565 κατενέγκωμεν,

2103 2587 2206 2638 ὑπὸ
2233 2586 2444 2657 λῃστῶν
2471 2587 2884 2658 τιτρωσκόμεθα
2920 2587 3142 2657 νοητῶν,
3173 2590 3268 2640 καὶ
3297 2591 3351 2640 εί
3387 2591 3469 2660 μὴ
3505 2591 3674 2643 θᾶττον

2099 2678 2474 2749 ἀνανήψαντες
2515 2679 2724 2732 ἐκεῖθεν
2775 2679 3186 2749 ἀνακληοῶμεν,
3228 2680 3312 2748 τῷ
3355 2681 3467 2748 τῆς
3516 2681 3675 2750 ψυχῆς

416 2751 492 2806 et,
533 2763 554 2798 ι
585 2745 723 2802 ΟιΙίο
752 2749 894 2806 habe
924 2752 1206 2810 inimicum
1237 2763 1412 2824 tuum,
1452 2781 1471 2813 ι
1517 2771 1770 2820 naturam
1804 2769 1857 2821 in
1889 2790 1901 2824 ι

2190 2745 2299 2841 who
2319 2770 2839 2842 καθυποὸαλλόμεθα
2854 2771 3084 2840 θανάτιιγ
3104 2770 3200 2823 καὶ
3219 2772 3314 2823 τὸν
3337 2772 3443 2841 μὲν
3468 2771 3675 2841 νομικὸν

415 2834 711 2892 dividendo
731 2853 948 2896 omnem
977 2844 1338 2916 alienigenam
1365 2866 1462 2919 pro
1485 2853 1638 2909 hoste
1665 2857 1847 2913 habet.
1889 2859 1900 2912 Ι

2186 2879 2268 2924 τως
2293 2861 2614 2932 διορθοῦται,
2647 2863 2807 2923 αὐτὸς
2835 2863 2944 2933 γὰρ
2974 2861 3114 2914 κατά
3139 2862 3252 2925 τὸν,
3290 2879 3311 2911 ι
3338 2862 3671 2933 ’Δγαπήσεις

411 2925 558 2980 enim
581 2928 827 2997 quaedam
852 2931 1098 2990 hostilem
1119 2939 1173 2991 in
1195 2939 1525 3012 alienigenas
1546 2961 1732 3015 gerere
1751 2951 1896 3004 anim

2215 2925 2440 3021 πλησίον
2474 2967 2590 3015 σου,
2620 2970 2636 3003 ι
2664 2952 2778 3012 καὶ,
2817 2925 3122 3021 ιτΜισήσεις
3149 2951 3240 3001 τὸν
3264 2925 3474 3020 ἐχθρόν
3512 2925 3627 3015 σου,
3656 2971 3671 3000 ι

408 3017 586 3087 jubet,
617 3037 726 3078 non
769 3031 879 3079 tam
928 3029 1150 3083 odio—
1182 3034 1493 3091 communis
1539 3039 1686 3092 enim
1734 3043 1991 3099 omnibus

409 3117 608 3166 natura
628 3145 727 3178 —,
753 3116 847 3172 sed
875 3120 1004 3189 quia
1031 3136 1156 3176 cum
1189 3124 1299 3181 illis
1328 3139 1700 3186 commeantes
1730 3148 1837 3186 non
1863 3149 1988 3191 raro

409 3217 600 3261 eorum
664 3209 1026 3266 idololatriam
1079 3217 1567 3286 amplectebantur.
1621 3222 1738 3278 Non
1795 3242 1894 3281 oml

2249 3228 2278 3279 μὶ
2303 3223 2371 3298 ἦν
2403 3228 2566 3297 νόμος
2605 3228 2786 3290 αὐτοῖς
2815 3225 3100 3297 ἐχθρωδῶς
3137 3225 3274 3294 πρὸς
3300 3226 3533 3288 πάντας
3561 3228 3677 3286 τθὺί
3729 3209 3734 3308 4

409 3313 576 3368 porro
601 3299 818 3358 Iudaeos
844 3304 948 3359 sibi
989 3310 1330 3378 propinquos
1357 3315 1601 3381 putabat,
1625 3318 1719 3371 sed
1747 3334 1841 3374 eos
1867 3330 1985 3374 tan-

407 3396 526 3442 tum
549 3391 643 3460 qui
667 3393 718 3446 in
737 3395 1035 3451 virtutibus
1051 3400 1375 3457 exercendis
1391 3416 1514 3456 cum
1539 3404 1659 3473 ipso
1676 3409 1980 3465 certabant.

409 3478 518 3535 Sed
546 3483 796 3541 nomicus
821 3494 1027 3551 noster,
1047 3489 1131 3542 sui
1151 3489 1366 3559 plenus,
1392 3494 1648 3549 omnibus
1674 3500 1984 3565 praecellere

405 3581 582 3637 ratus,
616 3576 886 3631 neminem
917 3593 978 3633 re
1019 3586 1113 3633 aut
1147 3582 1366 3636 nomine
1418 3581 1709 3654 semetipso
1756 3587 1980 3658 dignum

409 3666 797 3722 arbitrabatur.
823 3666 1005 3735 Quare
1037 3670 1295 3727 Christus
1323 3673 1508 3739 istius,
1529 3683 1584 3731 et
1609 3678 1855 3731 omnium
1885 3679 1978 3749 qui

406 3757 600 3813 eadem
660 3759 862 3816 misera
914 3761 1230 3817 conditione
1289 3763 1470 3819 aliiicti
1511 3777 1693 3827 erant.
1727 3771 1975 3825 morbum

397 3857 723 3916 sanaturus,
756 3852 1053 3907 universim
1085 3870 1103 3904 ι
1128 3855 1302 3909 Homo
1335 3857 1555 3924 quidam
1583 3877 1600 3908 ι
1631 3859 1840 3922 dicens,
1868 3879 1974 3917 non

402 3938 552 3993 hunc
571 3947 665 3992 aut
688 3938 863 4004 illum,
889 3950 1096 3995 natura:
1117 3942 1366 3997 humanae
1393 3945 1716 4016 participem
1741 3952 1972 4018 proximi

401 4031 846 4086 denominatione
889 4032 1288 4102 designandum
1334 4052 1457 4092 esse
1487 4038 1688 4102 innuit,
1717 4049 1771 4093 et
1803 4043 1970 4112 legem

399 4137 522 4193 quae
537 4141 556 4174 ι
582 4125 717 4176 Ama
735 4123 1066 4192 proximum,
1094 4144 1112 4176 ι
1132 4135 1236 4190 ει,ι
1257 4126 1398 4182 0dio
1417 4129 1614 4185 habeto
1633 4129 1966 4196 inimicum,»

397 4223 658 4284 tanquam
691 4213 1066 4284 imperfectam
1099 4217 1361 4285 praeterit,
1393 4231 1548 4274 suam
1583 4223 1970 4282 substituendo

394 4317 560 4376 quam
597 4305 723 4360 alibi
757 4315 976 4375 qu0quc
1013 4309 1380 4374 commendat,
1414 4329 1434 4361 ι
1460 4313 1674 4384 Diligite
1714 4315 1967 4372 inimicos

2095 3042 2385 3096 κελεύοντα
2414 3042 2594 3111 νόμον,
2627 3042 2746 3112 διχῆ
2772 3041 2869 3113 τὴν
2896 3040 3055 3110 φύσιν
3077 3040 3328 3112 διαιρῶν,
3355 3041 3564 3113 ἐχθρὸν
3590 3043 3677 3112 μὲν

2093 3134 2310 3200 ἑαυτοῦ,
2339 3137 2520 3188 πάντα
2551 3135 2832 3205 ἄνθρωπον
2861 3136 3073 3203 ἡγεῖται
3110 3132 3413 3202 ἀλλοεθνῆο
3445 3134 3553 3187 καὶ
3578 3134 3676 3200 γὰρ

2087 3321 2147 3385 ἐξ
2184 3319 2353 3373 ἐθνῶν
2387 3319 2722 3383 διακεῖσθαι,
2770 3319 2831 3372 ού
2873 3319 3017 3388 μίσει
3048 3317 3126 3387 τῷ
3157 3319 3295 3388 πρὸς
3335 3319 3446 3388 τὴν
3495 3319 3675 3387 κοινὴν

2086 3411 2266 3480 φύσιν,
2319 3411 2454 3464 ἀλλά
2479 3410 2564 3463 διὰ
2604 3409 2665 3463 τὸ
2712 3409 3024 3473 πλειστάκις
3055 3409 3251 3471 αὐτοὺς
3281 3409 3354 3461 ἐκ
3397 3409 3512 3480 τῆς
3545 3412 3675 3480 πρὶς

2083 3503 2152 3556 τά
2187 3502 2314 3573 ἔθνη
2355 3501 2679 3564 οἰκειώσεως
2717 3501 2796 3564 είς
2836 3500 2934 3570 τὴν
2956 3500 3180 3552 ἐκείνων
3213 3497 3673 3572 είδωλολατρείαν

2081 3594 2354 3647 ἐκκλίνειν
2374 3611 2386 3622 ·
2431 3593 2718 3657 Ἰουδαίους
2743 3593 2799 3646 δὲ
2835 3593 3060 3664 πλησίον
3088 3591 3284 3644 ἐαυτοῦ
3324 3589 3552 3662 ἠγεῖτο,
3585 3592 3670 3644 καὶ

2077 3685 2203 3740 οὐδὲ
2225 3685 2445 3747 τούτους
2469 3683 2699 3747 πάντας,
2728 3681 2843 3735 ἀλλ’
2868 3683 2920 3735 ετ
2943 3697 3087 3744 τινες
3106 3680 3174 3733 ἂν
3203 3679 3496 3751 εὑρεθεῖεν
3525 3679 3670 3748 αὐτῷ

2076 3780 2178 3848 τὴν
2223 3777 2420 3846 ἀρετήν
2473 3774 2779 3845 ἐφάμιλλοι.
2838 3773 3142 3844 Οίηματίας
3189 3770 3246 3824 δέ
3290 3783 3381 3834 τις
3428 3771 3539 3832 ὣν,
3582 3772 3668 3825 καὶ

2075 3871 2250 3923 δοκῶν
2307 3870 2525 3921 πάντων
2567 3869 2633 3938 τῇ
2675 3867 2843 3937 ἀρετῇ
2895 3863 3205 3936 ὑπερέχειν,
3253 3863 3455 3916 οὐδένα
3517 3864 3664 3934 ἠξίου

2075 3961 2303 4033 πλησίον
2343 3957 2509 4012 αὐτοῦ
2542 3957 2575 4028 ἢ
2619 3952 2759 4011 εἷναι
2805 3959 2838 4026 ἦ
2867 3955 3152 4024 λέγεσθαι·
3193 3953 3309 4008 ἀλλ’
3349 3956 3381 4007 ὁ
3421 3955 3662 4026 Χριστὸς

2072 4053 2171 4125 τὴν
2197 4051 2359 4106 αὑτοῦ
2392 4049 2616 4104 καὶτῶν
2648 4048 2718 4102 τὰ
2749 4048 2839 4101 ῐσα
2867 4047 3016 4115 αύτῷ
3047 4045 3350 4101 νοσούντων
3375 4048 3662 4114 ἀγνωσίαν

2069 4140 2409 4211 ἐπανορθῶν,
2435 4138 2656 4208 ὀνόματι
2679 4138 2842 4209 κοινῷ
2870 4138 2976 4208 τῷ,
3017 4135 3376 4206 (Ἄνθρωπός
3406 4153 3523 4201 τις,
3552 4158 3572 4189 ι
3604 4137 3657 4190 ού

2069 4236 2217 4289 τόνδε
2249 4236 2470 4308 ἢτόνδε,
2494 4234 2630 4289 ἀλλὰ
2661 4233 2838 4287 πάντα
2867 4233 2957 4286 τὸν
2981 4233 3325 4303 ἀνθρωπίνης
3353 4233 3658 4302 μετέχοντα

2070 4329 2284 4398 φύσεως
2311 4329 2537 4399 πλησίον
2557 4329 2666 4382 δεῖν
2692 4327 2970 4381 καλεῖσθαι
2995 4326 3231 4380 διδάσκει
3251 4342 3267 4357 ο
3310 4325 3412 4377 καὶ
3456 4327 3655 4396 ἐχθρὸν

393 4410 630 4463 vestros,
673 4397 974 4454 benefacite
1020 4399 1086 4455 iis
1137 4401 1230 4470 qui
1264 4402 1499 4458 oderunt
1545 4422 1662 4469 vos,
1705 4414 1760 4462 et
1809 4425 1876 4464 or

2168 4424 2195 4477 5'
2212 4397 2488 4475 ὁντιναοῦν
2516 4419 3063 4489 είδέναιθεσμοθετεῖ,
3080 4417 3170 4470 τὸν
3200 4416 3653 4486 μὲνξλῆοντανὸ-

390 4505 496 4562 pro
522 4490 976 4562 persequentibus
1001 4507 1118 4546 vos.
1152 4511 1170 4544 ι
1203 4491 1407 4551 Omnes
1443 4496 1757 4567 hujusmodi
1791 4500 1962 4557 Judaei

392 4585 649 4639 inimicos
669 4583 986 4646 credebant,
1017 4585 1295 4653 proximos
1312 4595 1492 4642 autem
1513 4590 1605 4658 qui
1628 4595 1962 4648 contrarium

391 4673 688 4730 faciebant.
717 4672 836 4729 Tali
895 4676 1059 4729 modo
1091 4677 1258 4746 igitur
1294 4678 1665 4750 legisperitum
1711 4691 1885 4738 tentat
1909 4693 1963 4740 et

389 4781 491 4836 per
525 4766 840 4835 parabolam
885 4781 952 4820 eo
991 4767 1210 4844 redigit,
1243 4777 1317 4821 ut-
1344 4770 1430 4825 vel
1474 4771 1676 4829 invitus
1725 4774 1964 4829 fateatur

389 4856 562 4926 legem
594 4869 719 4910 esse
743 4852 1118 4925 imperfectam
1151 4871 1256 4926 qua
1285 4861 1529 4930 praecipit
1557 4862 1740 4918 odisse
1781 4863 1963 4918 inimi-

389 4961 514 5002 cum
564 4955 617 5002 et
667 4947 894 5018 diligere
940 4948 1285 5018 proximum;
1336 4952 1627 5021 perfectam
1682 4963 1864 5010 autem
1907 4964 1961 5011 et

388 5039 735 5110 perliciendis
783 5039 853 5095 iis
895 5040 987 5110 qui
1031 5055 1150 5095 eam
1193 5052 1515 5112 sequuntur,
1559 5045 1808 5100 idoneam
1839 5065 1957 5103 eam

386 5145 552 5201 quam
582 5130 662 5184 illi
689 5131 994 5198 substituit,
1017 5138 1072 5186 et
1091 5148 1211 5203 quae
1232 5134 1391 5189 docet
1412 5151 1604 5190 omnes
1626 5137 1954 5208 diligendos,

385 5222 663 5277 neminem
705 5237 804 5291 pro
849 5222 1010 5278 hoste
1040 5223 1351 5280 habendum
1391 5241 1536 5290 esse,
1578 5243 1677 5296 pro
1709 5231 1958 5298 proximo

386 5326 569 5372 autem
587 5318 898 5387 quicunque
915 5316 1119 5371 auxilio
1140 5317 1367 5387 indiget,
1393 5318 1507 5374 sive
1537 5320 1810 5387 ethnicus,
1839 5323 1956 5377 sive

383 5407 626 5465 Iudaeus.
650 5409 743 5462 Sic
765 5410 932 5478 igitur
954 5410 1293 5464 sacerdOtem
1313 5425 1373 5464 ac
1393 5411 1609 5465 levitam
1637 5413 1727 5483 qui
1752 5415 1954 5468 nullam

384 5500 434 5553 ei
466 5500 560 5571 qui
593 5501 737 5555 inter
769 5499 1013 5554 latrones
1059 5498 1336 5553 ceciderat
1381 5517 1538 5571 opem
1587 5505 1780 5570 tulere,
1809 5507 1956 5561 velut

387 5605 495 5644 non
527 5593 826 5660 proximos,
855 5590 966 5644 imo
1005 5597 1066 5643 ut
1105 5591 1462 5661 alienigenas,
1491 5603 1550 5647 ut
1584 5596 1816 5651 sicarios
1861 5598 1957 5652 de-

384 5689 673 5739 monstrat.
703 5681 1030 5751 Quicunque
1067 5683 1208 5737 cnim
1243 5698 1464 5738 manum
1514 5702 1620 5741 non
1651 5689 1876 5759 porrigit
1905 5691 1951 5745 ei

2069 4528 2220 4581 μον,‹
2243 4509 2568 4579 Ἀγαπήσεις
2588 4508 2677 4562 τὸν
2694 4508 2917 4577 πλησίον
2935 4524 3050 4572 σου,
3065 4525 3082 4557 ι
3108 4506 3547 4575 καὶ,ιΜισήσεις
3567 4507 3654 4559 τόν

2063 4599 2258 4672 ἐχθρόν
2288 4615 2437 4661 σου.»
2460 4598 2536 4661 ὡς
2562 4597 2727 4667 ἀτελῆ
2760 4597 2993 4668 παριὼν,
3011 4597 3101 4650 τὸν
3127 4597 3182 4650 δὲ
3207 4595 3408 4649 ἑαυτοῦ
3435 4613 3653 4650 συνεισ-

2063 4692 2246 4763 φέρων
2269 4730 2284 4753 ,
2313 4690 2372 4743 ὃν
2426 4691 2521 4742 καὶ
2558 4689 2790 4760 ἀλλαχοῦ
2843 4689 3022 4758 τίθησι
3072 4689 3245 4756 λέγων
3277 4704 3291 4718 ·
3315 4707 3335 4738 ι
3361 4689 3648 4756 Ἀγιαπᾶτε

2060 4783 2187 4845 τοὺς
2237 4781 2460 4852 ἐχθροὺς
2512 4779 2684 4850 ὑμῶν,
2734 4779 2914 4843 καλῶς
2971 4781 3173 4832 ποιεῖτε
3221 4780 3334 4842 τοῖς
3393 4779 3649 4848 μισοῦσιν

2062 4874 2226 4944 ὑμᾶς,
2257 4878 2349 4927 καὶ
2383 4873 2748 4944 προσεύχεσθε
2775 4873 2915 4943 ὑπὲρ
2944 4872 3052 4925 τῶν
3088 4871 3518 4942 ἐπηρεαζόντων
3557 4877 3650 4926 καὶ

2059 4965 2359 5018 διωκόντων
2381 4964 2578 5034 ὑμᾶς’)
2605 4963 2759 5034 δῆλον
2787 4963 2896 5034 γὰρ
2925 4963 3008 5015 ὅτι
3041 4964 3167 5025 τοὺς
3197 4962 3486 5028 τοιούτους
3511 4967 3648 5018 πάν-
3734 4977 3735 5034 l

2057 5071 2157 5118 τας
2193 5053 2419 5125 ἐχθροὺς
2465 5053 2694 5125 ἡγοῦντο
2752 5053 3019 5108 Ἰουδαῖον
3077 5055 3204 5116 τοὺς
3263 5053 3325 5106 δὲ
3378 5057 3646 5109 τάναντία
3734 5053 3735 5072 δ

2059 5147 2372 5211 ποιοῦντας,
2410 5147 2656 5216 πλησίον.
2683 5146 2845 5200 Ὅθεν
2878 5145 3019 5200 οὕτω
3055 5147 3146 5199 τὸν
3187 5147 3418 5216 νομικὸν
3447 5150 3642 5203 ἐκπιέ-

2055 5236 2162 5302 ζει,
2203 5237 2295 5290 καὶ
2322 5236 2582 5306 κατάγχει
2603 5239 2670 5308 τῇ
2696 5236 2798 5306 τῆς
2823 5237 3134 5308 παραδολῆς
3153 5237 3411 5307 δυνάμει,
3441 5241 3522 5303 ὡς
3554 5241 3640 5292 καὶ

2055 5330 2256 5382 ἄκοντα
2301 5327 2699 5396 ἀνομολογῆσαι
2731 5328 2893 5399 ἀτελῆ
2923 5329 3020 5399 μὲν
3053 5324 3216 5395 εἴναι,
3246 5331 3344 5384 καὶ
3385 5331 3640 5386 ἀτελέσιν

2056 5418 2305 5490 εἰρῆσθαι
2354 5418 2468 5482 τὸν,
2527 5420 2703 5488 μισεῖν
2740 5419 2830 5472 τὸν
2887 5419 3098 5490 ἐχθρὸν,
3161 5421 3392 5492 ἀγαπᾷν
3437 5425 3501 5477 δὲ
3551 5427 3640 5478 τὶν

2057 5510 2304 5583 πλησίον,
2359 5509 2648 5564 κελεύοντα
2691 5511 2882 5581 νόμον·
2931 5511 3265 5567 τελειότατον
3296 5514 3354 5569 δὲ
3409 5517 3512 5571 καὶ
3553 5535 3639 5571 τε-

2055 5601 2357 5668 λειοποιὸν,
2401 5603 2460 5656 ὃν
2511 5603 2671 5666 αὐτὸς
2731 5604 3078 5674 θεσμοθετεῖ·
3125 5607 3349 5678 ἀγαπᾷν
3413 5612 3641 5672 ’πάντως

2059 5693 2245 5758 ἁπλῶς
2277 5693 2560 5763 διδάσκων,
2598 5697 2689 5748 καὶ
2734 5695 2959 5766 μηδένα,
2983 5698 3107 5754 ἔνθα
3141 5699 3246 5770 χρὴ
3291 5700 3638 5771 εὐεργετεῖν,

3729 3333 3735 3422 1
